2288 3732
445 238 630 284 GMGIOOR.

139 372 227 427 Urunt
238 369 358 427 Lethaeo
369 369 524 442 perfusaps
560 384 624 424 vera
635 378 730 423 somno

140 441 194 496 Sed
205 449 299 495 tamen
309 440 421 494 alternis
431 439 518 492 facilis
538 439 618 493 abor:
636 437 712 492 arida
723 444 829 492 nurum

141 511 185 566 Ne
197 519 315 565 saturare
326 510 391 563 tirno
401 507 495 578 pingui
523 508 681 577 0110111010,
695 523 764 560 neve
959 511 998 561 80

142 579 248 636 Effstos
257 579 380 634 cinerem
391 525 561 632 immunrfirm
578 576 679 647 juotare
691 592 739 645 per
749 592 837 644 agros.

142 648 188 702 Sic
199 667 235 721 qu
272 648 430 703 uetustatis
442 647 613 717 requiescunt
627 645 728 699 fetibus
739 661 804 698 arva
811 661 819 715 ς

142 718 203 773 Νο0
214 719 260 773 nul
270 735 287 772 a
298 718 401 771 interea
411 725 452 770 cst
465 716 583 770 inaratae
594 715 679 784 gratia
690 722 786 768 terrae.

143 787 230 858 Saepe
241 789 324 841 etiam
337 786 443 839 steriles
453 784 597 838 incendere
609 784 707 854 profuit
718 799 803 853 agros,

143 858 234 927 Atque
246 857 336 910 levem
348 854 474 925 stipulam
486 853 680 925 crepitantibus
691 869 768 906 urere
780 852 914 907 flammis:
962 855 1001 906 85

144 925 206 979 Sive
217 924 280 978 inde
291 923 412 979 occultas
423 924 496 979 vires
506 931 534 976 et
581 922 646 977 bula
657 931 744 976 terrae

144 994 258 1063 Pinguia
269 994 420 1063 concipiunt
427 1009 436 1062 3
454 993 511 1061 sive
523 992 541 1044 il
554 993 577 1045 is
587 1008 668 1057 omne
681 991 831 1061 perignem

145 1063 220 1117 Exco
239 1065 309 1116 uitur
319 1063 424 1132 vitium,
435 1070 517 1131 atque
528 1062 641 1115 exsudat
654 1060 755 1113 inutilis
765 1059 875 1129 humor3

146 1131 199 1185 seu
211 1080 295 1203 pionis
306 1131 378 1185 calor
389 1132 436 1184 iiie
448 1131 506 1184 vias
517 1138 545 1183 et
556 1146 640 1183 caece
651 1129 753 1182 relaxat

147 1201 321 1271 spiramenta,
334 1217 419 1254 noves
427 1200 518 1254 veniat
529 1216 584 1269 que
596 1216 695 1252 succus
706 1199 732 1251 in
745 1197 858 1268 herbos3
963 1199 1001 1250 oo

147 1269 199 1324 Seu
212 1270 289 1324 durat
301 1270 397 1340 magis,
410 1277 438 1322 et
449 1285 535 1323 venae
544 1269 684 1337 adstringit
697 1267 805 1337 biantis,

146 1339 190 1395 Ne
202 1349 298 1393 tenues
309 1340 426 1410 pluviae,
438 1337 557 1408 rapidive
604 1338 687 1390 tentia
698 1337 761 1390 sotis

148 1409 249 1478 Acrior,
262 1417 308 1463 aut
320 1409 421 1462 Boreae
433 1407 571 1476 penetrabi
582 1424 598 1459 e
611 1407 641 1460 ir'
661 1424 693 1459 us
704 1405 807 1458 aduret.

62 1520 65 1523 -
149 1478 270 1533 Multum
280 1478 358 1548 adeo,
371 1477 461 1530 rastris
471 1475 566 1545 glebas
577 1477 624 1546 qui
634 1424 732 1544 ¹frangit
744 1473 844 1542 inertis,

148 1546 340 1616 vimineasque
348 1546 432 1599 trabit
442 1557 538 1609 etates,
551 1543 626 1616 juvat
640 1561 705 1598 srva
713 1559 720 1613 ;
739 1560 829 1613 neque
841 1541 920 1599 illurn
966 1547 1003 1598 911

152 1615 237 1670 Flava
249 1617 331 1670 Ceres
341 1616 396 1668 atto
407 1614 588 1685 nequidquam
602 1622 707 1685 spectat
718 1613 833 1683 Olympo
840 1629 849 1681 5

150 1685 186 1739 Et
198 1688 252 1755 qui,
265 1685 395 1765 proscisso
406 1700 477 1754 quae
489 1685 600 1738 suscitat
612 1698 729 1753 aequore
741 1693 824 1753 terge,

151 1755 253 1808 Rursus
264 1773 290 1808 rn
302 1753 442 1823 obliquum
454 1769 530 1806 verso
542 1754 689 1824 perrumpit
700 1760 794 1821 aratro,

77 1873 79 1877 ,
151 1824 266 1878 Exercet
287 1840 322 1876 ue
333 1825 461 1902 frequens
473 1822 606 1893 tellurem,
619 1831 701 1891 atque
713 1821 827 1890 imperat
837 1821 928 1877 arvis..

184 1842 304 1947 Humida
315 1893 426 1945 solstitia
436 1900 518 1961 atque
531 1891 637 1945 hiemes
646 1899 720 1943 orate
732 1906 849 1960 serenas,
922 1918 929 1929 ε
954 1894 1006 1944 too

150 1961 307 2031 Agricoles3
325 1962 436 2015 hiberno
448 1960 597 2014 laetissima
609 1959 719 2029 pulvere
731 1958 809 2029 farra,

151 2029 251 2085 Laetus
262 2047 327 2100 ager
334 2047 343 2100 3
362 2030 432 2084 110110
444 2038 549 2084 tentum
561 2046 592 2083 se
604 2029 695 2099 Mysia
706 2029 781 2082 cultu

151 2099 247 2169 Jactat,
260 2109 287 2153 et
300 2100 358 2169 ipna
369 2116 433 2152 suas
443 2099 574 2153 mirantur
586 2099 703 2167 Gargara
713 2096 819 2152 messis.

185 2168 257 2227 Quid
270 2169 368 2238 dicam,
380 2168 452 2238 jectu
463 2169 510 2238 qui
523 2169 630 2221 semine
639 2167 866 2222 comminusarva

150 2237 310 2308 insequitur,
319 2238 495 2307 cunctosque
508 2237 561 2291 ruit
571 2237 644 2290 maie
656 2237 763 2306 pinguis
772 2252 879 2307 arenae,
954 2240 1006 2291 tue

151 2307 257 2362 Deinde
269 2308 334 2360 satis
345 2307 461 2361 fluvium
473 2306 574 2360 inducit
586 2306 713 2376 rivosque
724 2306 870 2375 sequentis,

151 2377 195 2448 Et,
208 2393 292 2447 quum
304 2385 417 2432 eronus
427 2392 492 2445 ager
503 2375 677 2430 morientibus
687 2382 793 2429 aestuat
804 2373 903 2446 herbis,

151 2446 225 2501 Ecce
238 2462 268 2500 su
306 2446 379 2504 rcilio
391 2445 486 2499 clivosi
502 2445 616 2498 tramitis
627 2444 729 2498 undam

151 2515 251 2570 Elicitt
282 2515 319 2568 lla
329 2516 431 2569 cadens
442 2531 555 2568 raucum
566 2530 614 2584 per
625 2513 697 2567 levia
707 2529 830 2567 murmur

151 2585 222 2638 Saxa
233 2584 295 2654 ciet,
308 2584 493 2705 scatebritpue
504 2583 607 2637 arentia
618 2591 753 2652 temperat
763 2598 837 2636 arva.
954 2586 1008 2637 tto

151 2653 231 2722 Quid,
243 2654 298 2722 qui,
311 2670 346 2706 ne
357 2653 432 2722 gravi
453 2654 475 2705 is
486 2652 644 2722 procumbat
654 2651 763 2705 culmus
773 2652 868 2722 anstis,

150 2723 297 2777 Luxurisrn
308 2730 432 2790 segetum
443 2731 535 2775 tenera
546 2721 667 2791 depascit
679 2720 706 2774 in
712 2720 811 2790 1101110,

151 2791 242 2850 Quum
253 2790 370 2860 primum
382 2791 471 2844 soicos
481 2799 600 2860 sequent
611 2790 690 2844 seta‘!
707 2790 808 2861 quique
818 2787 928 2861 paludis

151 2860 299 2914 collectum
311 2858 451 2914 humorem
463 2859 555 2914 bibulo
566 2859 676 2913 deducit
687 2859 789 2913 arena?
903 2912 909 2921 ,

151 2929 314 2984 Praesertim
325 2929 435 2982 incertis
445 2929 469 2982 si
480 2929 621 2983 mensibus
631 2927 721 2982 amnis
731 2926 874 2982 abundans
956 2930 1009 2982 tto

151 2999 221 3067 Exit,
235 3007 262 3052 et
274 2997 390 3051 obducto
402 2998 456 3051 late
469 3007 542 3052 tenet
553 2998 644 3052 omnia
655 2998 735 3051 limo:

150 3066 230 3120 Unde
242 3083 326 3120 cavae
338 3067 428 3136 tepido
439 3066 537 3121 sudant
549 3068 661 3122 humore
673 3067 796 3120 iecunae.

186 3135 454 3256 Nepotsmen-haec
466 3153 530 3191 cum
545 3138 598 3191 sint
609 3136 807 3207 hominumque
817 3135 956 3205 boumque
966 3132 1011 3190 la·

258 3220 301 3256 res

53 3327 56 3333 Ι
114 3354 227 3400 118-159.
243 3349 272 3400 In
284 3352 428 3400 connection
439 3353 500 3402 with
511 3354 553 3404 the
568 3355 666 3405 trouble
676 3371 810 3416 necessary
819 3364 847 3406 to
873 3356 952 3404 rdtect
963 3355 1012 3407 tlte

83 3409 130 3460 soit
140 3409 202 3458 from
213 3409 377 3459 mischievous
384 3412 486 3460 animula
493 3412 540 3461 und
551 3413 640 3473 planis,
651 3414 837 3465 hand-loboura
881 3414 1013 3467 invention

83 3483 124 3518 ars
135 3467 223 3518 shown
232 3477 258 3519 to
267 3468 328 3518 arise
337 3468 399 3518 from
408 3470 424 3519 J
426 3470 529 3530 opiter's
536 3473 679 3524 successiou
687 3483 714 3524 to
721 3475 763 3527 the
772 3475 859 3526 throne
869 3472 897 3523 oi
904 3475 1012 3527 heaven.
