2242 3826
496 111 589 153 LIBER
608 112 637 153 X·

176 238 295 310 Respicit
308 239 415 308 ignams
427 256 513 293 rerum
526 241 699 310 ingratusque
712 240 812 310 salutis,

178 310 213 364 Et
224 309 338 390 duplicis
349 327 412 363 cum
424 327 490 363 voce
503 313 644 364 manased
659 310 748 364 sidera
760 309 860 363 tendit:

180 380 369 448 ‘Omnipotens
380 381 491 448 genitor,
506 382 607 432 tanton’
621 397 665 434 me
678 378 789 432 crimine
802 380 914 449 dignum

178 449 290 518 Duxisti,
304 460 331 501 et
345 449 405 501 talis
417 449 522 502 voluisti
536 450 689 519 expendere
703 450 822 517 poenasl

177 518 351 640 Quodfero?
380 518 452 572 unde
480 519 555 572 abitt
585 536 654 588 qaae
683 535 729 571 me
753 518 825 589 fuga,
849 534 968 588 quemve
991 535 1032 572 re·

268 588 338 640 acit.
978 594 1032 644 670

83 716 87 721 ,
178 657 353 710 Laurentisne
365 655 462 709 iterum
475 674 566 710 muros
578 666 624 709 aut
637 666 724 710 castra
737 656 857 710 videbof

179 725 249 784 Quid
261 744 358 779 manus
370 725 414 778 illa
427 726 521 795 virum,
534 728 579 796 qui
592 744 638 780 me
650 744 766 796 meaque
778 744 854 779 arma
866 727 974 783 secutil

75 802 79 810 ‘
143 824 147 827 ·
178 794 521 854 Quosne-nefes-antnis
533 796 643 849 infanda
656 797 681 848 in
696 805 780 850 morte
794 797 897 867 reliqui,

180 865 213 918 Et
227 882 297 917 nunc
310 864 425 935 palantis
437 866 524 935 video,
537 868 725 934 gemitumque
738 867 884 920 cadentum

105 989 108 993 ,
178 934 310 1056 Accipiet
346 934 418 994 Quid
441 936 511 1004 ego'l
538 947 585 989 aut
608 953 678 1005 quae
701 938 758 1008 jam
782 936 847 988 satis
871 936 928 989 ima
949 934 996 990 da·
1090 978 1093 986 .

268 1004 334 1056 iscat
979 1008 1031 1059 676

178 1072 262 1126 Terra
272 1073 360 1126 mihil
396 1073 451 1126 Vos
462 1090 478 1124 o
490 1073 579 1144 potius
589 1073 765 1144 miserescite,
779 1075 868 1144 venti,

118 1160 122 1167 ·
179 1143 209 1196 ln
222 1159 308 1213 rupes,
323 1143 349 1196 in
363 1144 558 1196 saxa—volens
570 1161 618 1197 vos
629 1144 736 1196 Turnus
748 1143 865 1196 adoro-
909 1191 911 1195 ,

179 1210 258 1264 Ferte
271 1221 364 1281 ratem,
378 1213 519 1282 saevisque
532 1213 608 1266 vadis
620 1213 757 1266 immittite
770 1213 861 1282 Syrtis,

178 1280 237 1339 Quo
250 1299 338 1351 neque
351 1299 395 1334 me
408 1283 507 1351 Rutuli,
521 1299 572 1335 nec
584 1283 690 1336 conscia
703 1282 776 1335 fama
791 1283 937 1350 sequetur)
1076 1341 1081 1348 ¹

178 1349 253 1404 Haec
265 1367 417 1404 memorans
428 1354 517 1405 animo
530 1369 601 1404 nnnc
610 1351 671 1420 hue,
682 1369 753 1404 nanc
761 1353 873 1405 fluctuat
885 1351 950 1406 illuc
957 1369 966 1424 3
980 1354 1031 1405 680

178 1422 220 1474 An
234 1437 293 1474 sese
305 1436 435 1483 mucrone
445 1421 480 1474 ob
493 1431 597 1474 tantum
608 1422 728 1474 dedecus
739 1437 835 1474 amens

178 1488 283 1557 lndaat,
297 1497 324 1542 et
336 1489 449 1543 crudum
462 1508 510 1560 per
522 1499 609 1544 costas
621 1491 710 1559 exigat
722 1507 833 1560 ensem,

179 1558 319 1612 Fluctibus
330 1577 364 1612 an
379 1560 457 1613 ’aciat
470 1560 575 1629 mediis,
588 1569 615 1612 et
628 1559 705 1613 litora
716 1560 805 1613 nando

179 1629 266 1682 Curva
277 1636 358 1698 petat,
372 1578 561 1698 ieacrutitqne
572 1630 670 1683 itemm
683 1646 712 1682 se
726 1629 819 1682 reddat
831 1629 857 1681 in
869 1645 953 1683 arma.

179 1697 233 1751 Ter
244 1706 356 1752 conatus
368 1707 509 1768 utramque
522 1699 613 1768 viam,
632 1708 671 1752 ter
683 1698 803 1751 maxima
814 1699 884 1752 June
977 1700 1029 1750 686

179 1767 319 1838 Continuit,
331 1767 516 1838 juvenemque
530 1770 620 1821 anirno
632 1768 759 1821 miserata
771 1767 905 1837 repressit.

179 1836 288 1890 Labitur
299 1838 353 1890 alta
365 1855 461 1890 secans
472 1839 610 1906 fluctuque
622 1846 752 1905 aestuque
765 1836 890 1907 secunde,

179 1905 215 1959 Et
226 1907 308 1976 patris
319 1906 457 1976 antiquam
472 1908 556 1960 Dauni
569 1907 687 1960 defertur
698 1906 733 1958 ad
745 1905 848 1959 arbem.

213 1978 250 2030 At
261 1975 336 2029 lovis
349 1978 451 2030 interea
463 1977 573 2030 monitis
584 1976 739 2029 Mezentius
750 1975 848 2028 ardens

179 2042 305 2098 Succedit
317 2063 430 2114 pugnae,
444 2046 614 2115 Teucrosque
626 2045 728 2098 invadit
741 2045 854 2098 ovantis.
978 2047 1030 2097 690

179 2113 342 2167 Concurrunt
354 2115 509 2184 Tyrrhenae
520 2116 602 2184 ecies,
616 2124 697 2184 atque
710 2114 836 2168 omnibus
847 2114 901 2186 uni,

177 2181 232 2236 Uni
244 2183 364 2254 odiisque
379 2184 433 2236 viro
446 2184 561 2254 telisque
574 2184 759 2254 frequentibus
771 2185 877 2236 instant.

178 2251 235 2320 Ille,
249 2252 323 2305 velut
336 2270 423 2322 rupes,
436 2263 542 2308 vastum
555 2271 624 2322 quae
639 2253 724 2323 prodit
737 2254 762 2306 in
775 2269 882 2322 aequor,

177 2320 263 2374 Obvia
276 2330 412 2375 ventomm
426 2321 503 2375 fariis
515 2332 680 2401 expostaque
693 2331 779 2392 ponto,

178 2390 239 2443 Vim
252 2400 375 2443 cunctam
390 2402 470 2460 atque
482 2392 570 2445 rninas
582 2392 680 2461 perfert
689 2391 810 2460 coelique
823 2390 966 2460 marisque,
979 2394 1030 2444 696

177 2459 239 2528 Ipsa
251 2459 362 2513 immota
374 2477 502 2529 manens,
521 2461 624 2530 prolem
638 2459 808 2514 Dolichaonis
820 2458 939 2512 Hebrum

177 2528 277 2581 Sternit
290 2528 373 2599 humi,
386 2546 448 2582 cum
461 2546 513 2599 qao
527 2531 658 2598 Latagum
671 2530 850 2598 Palmumque
862 2526 997 2598 fugacem,

177 2597 229 2649 Sed
237 2599 373 2665 'Latagum
388 2616 452 2651 saxo
463 2609 544 2668 atque
557 2598 657 2667 ingenti
671 2598 801 2667 fragmine
813 2596 913 2655 montis
951 2626 953 2629 ·

89 2724 93 2729 ,
175 2666 296 2736 Occupat
308 2684 338 2720 os
351 2667 503 2737 faciemque
516 2667 667 2737 adversam,
680 2668 779 2738 poplite
792 2666 918 2720 Palmum

175 2735 286 2789 Succisa
298 2735 369 2790 volvi
381 2754 493 2804 segnem
506 2737 584 2805 sinit5
602 2753 732 2805 armaque
743 2737 829 2791 Lauso
977 2737 1030 2788 700

174 2805 264 2858 Donat
276 2805 375 2858 habere
389 2805 509 2858 humeris
521 2815 548 2858 et
560 2806 661 2859 vertice
674 2806 756 2874 figere
769 2807 872 2859 cristas.

125 2918 189 2965 668.
210 2913 323 2962 Tautaa’.
355 2912 403 2961 See
415 2923 439 2963 at
450 2913 484 2960 iii.
494 2915 546 2962 319.
555 2939 582 2951 -
591 2917 644 2963 671.
661 2913 802 2961 Laurentis.
835 2912 882 2961 See
893 2922 918 2960 at
929 2913 962 2962 vi.
974 2914 1028 2961 896.

86 2978 195 3024 --672.
212 2972 307 3021 Monac
328 2972 504 3021 faciet-673.
525 2972 630 3032 Quosne,
648 2987 679 3020 an
698 2987 853 3027 uncornmon,
871 2971 964 3032 though
986 2981 1029 3019 not

86 3031 300 3095 unpreeedented
310 3047 354 3079 use
366 3030 394 3078 of
402 3031 444 3078 the
453 3031 553 3078 relative
565 3032 633 3092 gives
645 3030 687 3077 the
698 3031 780 3078 clause
792 3030 841 3077 this
852 3030 926 3079 force.
957 3030 980 3078 It
991 3030 1027 3077 in·

86 3092 215 3147 tensifies
226 3090 268 3138 tho
280 3090 334 3138 idea
345 3090 472 3138 contained
484 3091 508 3137 in
520 3091 561 3138 the
577 3089 700 3148 emphatic
711 3089 807 3147 portion
821 3088 850 3135 of
862 3089 903 3136 the
915 3089 1029 3147 previous

85 3163 231 3207 sentence,
244 3165 272 3198 so
283 3166 310 3197 as
322 3159 347 3196 to
358 3149 414 3210 give
430 3164 543 3196 cresson
553 3149 590 3197 for
600 3148 689 3253 sslring
704 3147 746 3194 tlte
758 3147 872 3205 question
882 3147 962 3195 which
974 3147 1027 3195 that

83 3222 221 3267 sentence
231 3208 348 3256 contains.
380 3208 446 3255 llere
458 3207 499 3254 the
516 3208 581 3254 main
592 3207 672 3254 ideae
697 3206 824 3266 agonising
839 3205 936 3273 inquiry
947 3206 992 3254 lies
1003 3206 1029 3254 in

83 3275 137 3327 the
153 3267 239 3316 words
249 3269 294 3375 pai
302 3284 345 3323 me.
360 3266 409 3314 &c
441 3265 499 3314 And
511 3265 654 3325 quosnelras
664 3265 714 3312 this
725 3264 830 3312 force-⁸
838 3263 897 3311 And
908 3280 929 3312 rs
940 3264 959 3312 it
970 3279 1026 3323 pos·

81 3331 165 3388 sible
183 3327 239 3376 that
274 3327 336 3375 hare
352 3323 494 3374 abandoned
510 3328 573 3375 these
587 3324 771 3373 mear-683.
787 3321 876 3380 deiciet,
894 3325 1028 3382 se-ttll,

81 3395 185 3448 Donat
196 3386 298 3436 habere.
331 3385 379 3434 See
390 3394 415 3434 at
426 3399 450 3433 v.
462 3386 515 3432 248.
