<?xml version="1.0" encoding="UTF-8"?>
<!DOCTYPE html PUBLIC "-//W3C//DTD XHTML 1.0 Transitional//EN"
    "http://www.w3.org/TR/xhtml1/DTD/xhtml1-transitional.dtd">
<html xmlns="http://www.w3.org/1999/xhtml" xml:lang="en" lang="en">
 <head>
  <title>
</title>
<meta http-equiv="Content-Type" content="text/html;charset=utf-8" />
  <meta name='ocr-system' content='tesseract 3.04.00' />
  <meta name='ocr-capabilities' content='ocr_page ocr_carea ocr_par ocr_line ocrx_word'/>
</head>
<body>
  <div class='ocr_page' id='page_1' title='image "./carmina01virggoog_0425.png"; bbox 0 0 2242 3826; ppageno 0'>
   <div class='ocr_carea' id='block_1_1' title="bbox 91 336 1120 3171">
    <p class='ocr_par' dir='ltr' id='par_1_1' title="bbox 190 336 918 474">
     <span class='ocr_line' id='line_1_1' title="bbox 190 336 918 409; baseline -0.005 -14"><span class='ocrx_word' id='word_1_1' title='bbox 190 336 306 409; x_wconf 73' lang='lat' dir='ltr'><strong>neque</strong></span> <span class='ocrx_word' id='word_1_2' title='bbox 318 353 381 392; x_wconf 88' lang='lat' dir='ltr'><strong>curn</strong></span> <span class='ocrx_word' id='word_1_3' title='bbox 392 337 496 407; x_wconf 76' lang='lat' dir='ltr'><strong>gemitu</strong></span> <span class='ocrx_word' id='word_1_4' title='bbox 508 336 577 406; x_wconf 80' lang='lat' dir='ltr'><strong>sugit</strong></span> <span class='ocrx_word' id='word_1_5' title='bbox 589 336 726 406; x_wconf 78' lang='lat' dir='ltr'><strong>indignata</strong></span> <span class='ocrx_word' id='word_1_6' title='bbox 735 337 789 390; x_wconf 83' lang='lat' dir='ltr'><strong>sub</strong></span> <span class='ocrx_word' id='word_1_7' title='bbox 799 336 918 391; x_wconf 81' lang='lat' dir='ltr'><strong>umbras.</strong></span> 
     </span>
     <span class='ocr_line' id='line_1_2' title="bbox 190 405 898 474; baseline -0.004 -13"><span class='ocrx_word' id='word_1_8' title='bbox 190 407 261 461; x_wconf 90' lang='lat' dir='ltr'><strong>Tum</strong></span> <span class='ocrx_word' id='word_1_9' title='bbox 275 425 337 460; x_wconf 81' lang='lat' dir='ltr'><strong>vero</strong></span> <span class='ocrx_word' id='word_1_10' title='bbox 348 408 498 460; x_wconf 89' lang='lat' dir='ltr'><strong>immensos</strong></span> <span class='ocrx_word' id='word_1_11' title='bbox 510 424 622 474; x_wconf 78' lang='lat' dir='ltr'><strong>surgens</strong></span> <span class='ocrx_word' id='word_1_12' title='bbox 633 406 692 460; x_wconf 84' lang='lat' dir='ltr'><strong>serit</strong></span> <span class='ocrx_word' id='word_1_13' title='bbox 704 422 786 458; x_wconf 88' lang='lat' dir='ltr'><strong>aurea</strong></span> <span class='ocrx_word' id='word_1_14' title='bbox 797 405 898 460; x_wconf 90' lang='lat' dir='ltr'><strong>clamor</strong></span> 
     </span>
    </p>

    <p class='ocr_par' dir='ltr' id='par_1_2' title="bbox 91 474 1031 686">
     <span class='ocr_line' id='line_1_3' title="bbox 91 474 810 546; baseline -0.007 -15"><span class='ocrx_word' id='word_1_15' title='bbox 91 496 98 509; x_wconf 91' lang='lat'><strong>·</strong></span> <span class='ocrx_word' id='word_1_16' title='bbox 191 476 298 546; x_wconf 72' lang='lat' dir='ltr'><strong>Sidera,</strong></span> <span class='ocrx_word' id='word_1_17' title='bbox 316 477 422 530; x_wconf 85' lang='lat' dir='ltr'><strong>de&#39;ecta</strong></span> <span class='ocrx_word' id='word_1_18' title='bbox 433 477 568 529; x_wconf 78' lang='lat' dir='ltr'><strong>crudescit</strong></span> <span class='ocrx_word' id='word_1_19' title='bbox 579 492 670 546; x_wconf 90' lang='lat' dir='ltr'><strong>pugna</strong></span> <span class='ocrx_word' id='word_1_20' title='bbox 682 474 810 544; x_wconf 71' lang='lat' dir='ltr'><strong>Camilla,</strong></span> 
     </span>
     <span class='ocr_line' id='line_1_4' title="bbox 191 495 849 614; baseline -0.006 -13"><span class='ocrx_word' id='word_1_21' title='bbox 191 547 332 601; x_wconf 72' lang='lat' dir='ltr'>Incurrunt</span> <span class='ocrx_word' id='word_1_22' title='bbox 345 495 422 598; x_wconf 87' lang='lat' dir='ltr'><strong>densi</strong></span> <span class='ocrx_word' id='word_1_23' title='bbox 433 545 512 597; x_wconf 86' lang='lat' dir='ltr'><strong>simul</strong></span> <span class='ocrx_word' id='word_1_24' title='bbox 526 547 613 598; x_wconf 90' lang='lat' dir='ltr'><strong>omnis</strong></span> <span class='ocrx_word' id='word_1_25' title='bbox 625 545 702 614; x_wconf 85' lang='lat' dir='ltr'><strong>copia</strong></span> <span class='ocrx_word' id='word_1_26' title='bbox 714 545 849 598; x_wconf 80' lang='lat' dir='ltr'><strong>Teucrum</strong></span> 
     </span>
     <span class='ocr_line' id='line_1_5' title="bbox 191 613 1031 686; baseline -0.002 -18"><span class='ocrx_word' id='word_1_27' title='bbox 191 614 378 686; x_wconf 82' lang='lat' dir='ltr'><strong>Tyrrhenique</strong></span> <span class='ocrx_word' id='word_1_28' title='bbox 389 614 474 667; x_wconf 88' lang='lat' dir='ltr'><strong>duces</strong></span> <span class='ocrx_word' id='word_1_29' title='bbox 486 615 654 683; x_wconf 82' lang='lat' dir='ltr'><strong>Evandrique</strong></span> <span class='ocrx_word' id='word_1_30' title='bbox 667 613 788 666; x_wconf 86' lang='lat' dir='ltr'><strong>Arcades</strong></span> <span class='ocrx_word' id='word_1_31' title='bbox 799 614 867 666; x_wconf 88' lang='lat' dir='ltr'><strong>alae.</strong></span> <span class='ocrx_word' id='word_1_32' title='bbox 986 617 1031 667; x_wconf 80' lang='lat' dir='ltr'><strong>sat</strong></span> 
     </span>
    </p>

    <p class='ocr_par' dir='ltr' id='par_1_3' title="bbox 129 682 1051 1375">
     <span class='ocr_line' id='line_1_6' title="bbox 227 682 916 752; baseline -0.001 -15"><span class='ocrx_word' id='word_1_33' title='bbox 227 689 262 738; x_wconf 89' lang='lat' dir='ltr'><strong>At</strong></span> <span class='ocrx_word' id='word_1_34' title='bbox 275 685 381 738; x_wconf 85' lang='lat' dir='ltr'><strong>Triviae</strong></span> <span class='ocrx_word' id='word_1_35' title='bbox 392 693 483 736; x_wconf 84' lang='lat' dir='ltr'><strong>custos</strong></span> <span class='ocrx_word' id='word_1_36' title='bbox 492 683 652 752; x_wconf 84' lang='lat' dir='ltr'><strong>jamdudum</strong></span> <span class='ocrx_word' id='word_1_37' title='bbox 665 684 690 735; x_wconf 91' lang='lat' dir='ltr'><strong>in</strong></span> <span class='ocrx_word' id='word_1_38' title='bbox 705 684 840 736; x_wconf 86' lang='lat' dir='ltr'><strong>montibus</strong></span> <span class='ocrx_word' id='word_1_39' title='bbox 851 682 916 752; x_wconf 89' lang='lat' dir='ltr'><strong>Opis</strong></span> 
     </span>
     <span class='ocr_line' id='line_1_7' title="bbox 192 752 896 830; baseline -0.006 -22"><span class='ocrx_word' id='word_1_40' title='bbox 192 755 254 808; x_wconf 90' lang='lat' dir='ltr'><strong>Alta</strong></span> <span class='ocrx_word' id='word_1_41' title='bbox 267 753 343 806; x_wconf 84' lang='lat' dir='ltr'><strong>sedet</strong></span> <span class='ocrx_word' id='word_1_42' title='bbox 355 753 476 819; x_wconf 90' lang='lat' dir='ltr'><strong>summis,</strong></span> <span class='ocrx_word' id='word_1_43' title='bbox 490 763 647 830; x_wconf 76' lang='lat' dir='ltr'><strong>spectatque</strong></span> <span class='ocrx_word' id='word_1_44' title='bbox 660 752 779 804; x_wconf 88' lang='lat' dir='ltr'><strong>interrita</strong></span> <span class='ocrx_word' id='word_1_45' title='bbox 791 770 896 821; x_wconf 87' lang='lat' dir='ltr'><strong>pugnas</strong></span> 
     </span>
     <span class='ocr_line' id='line_1_8' title="bbox 193 820 947 892; baseline -0.001 -16"><span class='ocrx_word' id='word_1_46' title='bbox 193 824 283 892; x_wconf 86' lang='lat' dir='ltr'><strong>thue</strong></span> <span class='ocrx_word' id='word_1_47' title='bbox 295 822 387 891; x_wconf 89' lang='lat' dir='ltr'><strong>procul</strong></span> <span class='ocrx_word' id='word_1_48' title='bbox 400 822 489 874; x_wconf 91' lang='lat' dir='ltr'><strong>medio</strong></span> <span class='ocrx_word' id='word_1_49' title='bbox 500 839 633 891; x_wconf 80' lang='lat' dir='ltr'><strong>Juvenum</strong></span> <span class='ocrx_word' id='word_1_50' title='bbox 644 823 670 874; x_wconf 94' lang='lat' dir='ltr'><strong>in</strong></span> <span class='ocrx_word' id='word_1_51' title='bbox 684 820 800 874; x_wconf 88' lang='lat' dir='ltr'><strong>clamore</strong></span> <span class='ocrx_word' id='word_1_52' title='bbox 813 821 947 879; x_wconf 83' lang='lat' dir='ltr'><strong>intentum</strong></span> 
     </span>
     <span class='ocr_line' id='line_1_9' title="bbox 193 888 833 960; baseline -0.005 -16"><span class='ocrx_word' id='word_1_53' title='bbox 193 892 330 960; x_wconf 87' lang='lat' dir='ltr'><strong>Prospexit</strong></span> <span class='ocrx_word' id='word_1_54' title='bbox 344 891 408 944; x_wconf 87' lang='lat' dir='ltr'><strong>tristi</strong></span> <span class='ocrx_word' id='word_1_55' title='bbox 422 891 562 945; x_wconf 84' lang='lat' dir='ltr'><strong>multatam</strong></span> <span class='ocrx_word' id='word_1_56' title='bbox 575 901 661 945; x_wconf 91' lang='lat' dir='ltr'><strong>morte</strong></span> <span class='ocrx_word' id='word_1_57' title='bbox 673 888 833 960; x_wconf 26' lang='lat' dir='ltr'><strong>Camillam,-</strong></span> 
     </span>
     <span class='ocr_line' id='line_1_10' title="bbox 193 960 1051 1029; baseline 0 -16"><span class='ocrx_word' id='word_1_58' title='bbox 193 960 380 1029; x_wconf 75' lang='lat' dir='ltr'><strong>lugemuitque</strong></span> <span class='ocrx_word' id='word_1_59' title='bbox 392 960 521 1028; x_wconf 84' lang='lat' dir='ltr'><strong>deditque</strong></span> <span class='ocrx_word' id='word_1_60' title='bbox 535 961 583 1013; x_wconf 86' lang='lat' dir='ltr'><strong>has</strong></span> <span class='ocrx_word' id='word_1_61' title='bbox 595 961 647 1015; x_wconf 90' lang='lat' dir='ltr'><strong>imo</strong></span> <span class='ocrx_word' id='word_1_62' title='bbox 662 970 768 1029; x_wconf 85' lang='lat' dir='ltr'><strong>pectore</strong></span> <span class='ocrx_word' id='word_1_63' title='bbox 781 975 875 1013; x_wconf 80' lang='lat' dir='ltr'><strong>voces:</strong></span> <span class='ocrx_word' id='word_1_64' title='bbox 985 960 1051 1013; x_wconf 77' lang='lat' dir='ltr'><strong>stt·</strong></span> 
     </span>
     <span class='ocr_line' id='line_1_11' title="bbox 195 1028 831 1098; baseline -0.003 -16"><span class='ocrx_word' id='word_1_65' title='bbox 195 1030 270 1083; x_wconf 80' lang='lat' dir='ltr'><strong>‘lieu</strong></span> <span class='ocrx_word' id='word_1_66' title='bbox 283 1030 403 1097; x_wconf 86' lang='lat' dir='ltr'><strong>nimium,</strong></span> <span class='ocrx_word' id='word_1_67' title='bbox 417 1030 498 1098; x_wconf 79' lang='lat' dir='ltr'><strong>virgo,</strong></span> <span class='ocrx_word' id='word_1_68' title='bbox 512 1030 623 1082; x_wconf 88' lang='lat' dir='ltr'><strong>nimium</strong></span> <span class='ocrx_word' id='word_1_69' title='bbox 636 1028 745 1082; x_wconf 88' lang='lat' dir='ltr'><strong>crudele</strong></span> <span class='ocrx_word' id='word_1_70' title='bbox 759 1028 831 1082; x_wconf 88' lang='lat' dir='ltr'><strong>luisti</strong></span> 
     </span>
     <span class='ocr_line' id='line_1_12' title="bbox 192 1096 847 1169; baseline -0.002 -17"><span class='ocrx_word' id='word_1_71' title='bbox 192 1098 366 1169; x_wconf 80' lang='lat' dir='ltr'><strong>Supplicium,</strong></span> <span class='ocrx_word' id='word_1_72' title='bbox 379 1098 498 1153; x_wconf 87' lang='lat' dir='ltr'><strong>Teucros</strong></span> <span class='ocrx_word' id='word_1_73' title='bbox 509 1107 604 1153; x_wconf 89' lang='lat' dir='ltr'><strong>conata</strong></span> <span class='ocrx_word' id='word_1_74' title='bbox 616 1099 746 1152; x_wconf 83' lang='lat' dir='ltr'><strong>lacessere</strong></span> <span class='ocrx_word' id='word_1_75' title='bbox 759 1096 847 1151; x_wconf 78' lang='lat' dir='ltr'><strong>bello!</strong></span> 
     </span>
     <span class='ocr_line' id='line_1_13' title="bbox 193 1168 839 1237; baseline -0.002 -17"><span class='ocrx_word' id='word_1_76' title='bbox 193 1168 252 1221; x_wconf 90' lang='lat' dir='ltr'><strong>Nec</strong></span> <span class='ocrx_word' id='word_1_77' title='bbox 264 1168 311 1221; x_wconf 88' lang='lat' dir='ltr'><strong>tibi</strong></span> <span class='ocrx_word' id='word_1_78' title='bbox 323 1169 445 1237; x_wconf 78' lang='lat' dir='ltr'><strong>desertae</strong></span> <span class='ocrx_word' id='word_1_79' title='bbox 458 1169 483 1221; x_wconf 90' lang='lat' dir='ltr'><strong>in</strong></span> <span class='ocrx_word' id='word_1_80' title='bbox 496 1168 587 1221; x_wconf 90' lang='lat' dir='ltr'><strong>‹lumis</strong></span> <span class='ocrx_word' id='word_1_81' title='bbox 598 1168 712 1221; x_wconf 76' lang='lat' dir='ltr'><strong>coluisse</strong></span> <span class='ocrx_word' id='word_1_82' title='bbox 727 1168 839 1220; x_wconf 82' lang='lat' dir='ltr'><strong>Dianam</strong></span> 
     </span>
     <span class='ocr_line' id='line_1_14' title="bbox 193 1235 860 1307; baseline 0 -17"><span class='ocrx_word' id='word_1_83' title='bbox 193 1237 305 1307; x_wconf 83' lang='lat' dir='ltr'><strong>Proluit,</strong></span> <span class='ocrx_word' id='word_1_84' title='bbox 316 1247 362 1291; x_wconf 89' lang='lat' dir='ltr'><strong>aut</strong></span> <span class='ocrx_word' id='word_1_85' title='bbox 374 1246 476 1290; x_wconf 89' lang='lat' dir='ltr'><strong>nostras</strong></span> <span class='ocrx_word' id='word_1_86' title='bbox 488 1235 600 1291; x_wconf 89' lang='lat' dir='ltr'><strong>humero</strong></span> <span class='ocrx_word' id='word_1_87' title='bbox 612 1238 728 1306; x_wconf 81' lang='lat' dir='ltr'><strong>gessisse</strong></span> <span class='ocrx_word' id='word_1_88' title='bbox 741 1238 860 1305; x_wconf 85' lang='lat' dir='ltr'><strong>sagittas.</strong></span> 
     </span>
     <span class='ocr_line' id='line_1_15' title="bbox 129 1306 1042 1375; baseline -0.002 -16"><span class='ocrx_word' id='word_1_89' title='bbox 129 1341 134 1350; x_wconf 87' lang='lat'><em>-</em></span> <span class='ocrx_word' id='word_1_90' title='bbox 194 1307 253 1361; x_wconf 91' lang='lat' dir='ltr'><strong>Non</strong></span> <span class='ocrx_word' id='word_1_91' title='bbox 267 1316 355 1361; x_wconf 82' lang='lat' dir='ltr'><strong>tamen</strong></span> <span class='ocrx_word' id='word_1_92' title='bbox 369 1307 522 1359; x_wconf 88' lang='lat' dir='ltr'><strong>indecorem</strong></span> <span class='ocrx_word' id='word_1_93' title='bbox 536 1318 580 1360; x_wconf 86' lang='lat' dir='ltr'><strong>tua</strong></span> <span class='ocrx_word' id='word_1_94' title='bbox 593 1315 619 1365; x_wconf 74' lang='lat' dir='ltr'><strong>ta,</strong></span> <span class='ocrx_word' id='word_1_95' title='bbox 633 1325 659 1359; x_wconf 89' lang='lat' dir='ltr'><strong>re</strong></span> <span class='ocrx_word' id='word_1_96' title='bbox 679 1307 722 1359; x_wconf 88' lang='lat' dir='ltr'><strong>ina</strong></span> <span class='ocrx_word' id='word_1_97' title='bbox 735 1306 841 1375; x_wconf 86' lang='lat' dir='ltr'><strong>reliquit</strong></span> <span class='ocrx_word' id='word_1_98' title='bbox 988 1307 1042 1357; x_wconf 76' lang='grc'><strong>845</strong></span> 
     </span>
    </p>

    <p class='ocr_par' dir='ltr' id='par_1_4' title="bbox 193 1325 1050 1722">
     <span class='ocr_line' id='line_1_16' title="bbox 194 1325 997 1446; baseline 0 -18"><span class='ocrx_word' id='word_1_99' title='bbox 194 1376 323 1429; x_wconf 86' lang='lat' dir='ltr'><strong>Extrema</strong></span> <span class='ocrx_word' id='word_1_100' title='bbox 332 1377 389 1446; x_wconf 80' lang='lat' dir='ltr'><strong>jam</strong></span> <span class='ocrx_word' id='word_1_101' title='bbox 402 1377 431 1429; x_wconf 92' lang='lat' dir='ltr'><strong>in</strong></span> <span class='ocrx_word' id='word_1_102' title='bbox 442 1384 543 1442; x_wconf 73' lang='lat' dir='ltr'><strong>morte,</strong></span> <span class='ocrx_word' id='word_1_103' title='bbox 561 1376 648 1445; x_wconf 84' lang='lat' dir='ltr'><strong>neque</strong></span> <span class='ocrx_word' id='word_1_104' title='bbox 660 1325 711 1429; x_wconf 63' lang='lat' dir='ltr'><strong>hoc</strong></span> <span class='ocrx_word' id='word_1_105' title='bbox 724 1376 782 1429; x_wconf 86' lang='lat' dir='ltr'><strong>sina</strong></span> <span class='ocrx_word' id='word_1_106' title='bbox 794 1375 902 1430; x_wconf 89' lang='lat' dir='ltr'><strong>nornine</strong></span> <span class='ocrx_word' id='word_1_107' title='bbox 913 1373 997 1429; x_wconf 85' lang='lat' dir='ltr'><strong>letam</strong></span> 
     </span>
     <span class='ocr_line' id='line_1_17' title="bbox 194 1444 829 1515; baseline 0 -18"><span class='ocrx_word' id='word_1_108' title='bbox 194 1444 245 1497; x_wconf 88' lang='lat' dir='ltr'><strong>Per</strong></span> <span class='ocrx_word' id='word_1_109' title='bbox 256 1447 345 1513; x_wconf 87' lang='lat' dir='ltr'><strong>gentis</strong></span> <span class='ocrx_word' id='word_1_110' title='bbox 356 1447 413 1513; x_wconf 88' lang='lat' dir='ltr'><strong>erit,</strong></span> <span class='ocrx_word' id='word_1_111' title='bbox 426 1455 472 1497; x_wconf 88' lang='lat' dir='ltr'><strong>aut</strong></span> <span class='ocrx_word' id='word_1_112' title='bbox 486 1445 586 1499; x_wconf 87' lang='lat' dir='ltr'><strong>lamam</strong></span> <span class='ocrx_word' id='word_1_113' title='bbox 600 1447 707 1515; x_wconf 85' lang='lat' dir='ltr'><strong>patieris</strong></span> <span class='ocrx_word' id='word_1_114' title='bbox 719 1445 829 1498; x_wconf 88' lang='lat' dir='ltr'><strong>inultae.</strong></span> 
     </span>
     <span class='ocr_line' id='line_1_18' title="bbox 193 1514 888 1584; baseline 0 -17"><span class='ocrx_word' id='word_1_115' title='bbox 193 1514 265 1567; x_wconf 80' lang='lat' dir='ltr'><strong>Nam</strong></span> <span class='ocrx_word' id='word_1_116' title='bbox 277 1517 440 1584; x_wconf 82' lang='lat' dir='ltr'><strong>quicumque</strong></span> <span class='ocrx_word' id='word_1_117' title='bbox 454 1529 527 1569; x_wconf 86' lang='lat' dir='ltr'><strong>tuum</strong></span> <span class='ocrx_word' id='word_1_118' title='bbox 542 1515 648 1567; x_wconf 86' lang='lat' dir='ltr'><strong>violavit</strong></span> <span class='ocrx_word' id='word_1_119' title='bbox 663 1515 771 1567; x_wconf 89' lang='lat' dir='ltr'><strong>vulnere</strong></span> <span class='ocrx_word' id='word_1_120' title='bbox 783 1531 888 1584; x_wconf 91' lang='lat' dir='ltr'><strong>corpus,</strong></span> 
     </span>
     <span class='ocr_line' id='line_1_19' title="bbox 193 1582 910 1652; baseline 0 -18"><span class='ocrx_word' id='word_1_121' title='bbox 193 1583 282 1635; x_wconf 89' lang='lat' dir='ltr'><strong>Morte</strong></span> <span class='ocrx_word' id='word_1_122' title='bbox 294 1584 350 1636; x_wconf 87' lang='lat' dir='ltr'><strong>luet</strong></span> <span class='ocrx_word' id='word_1_123' title='bbox 362 1584 476 1637; x_wconf 67' lang='lat' dir='ltr'><strong>merita)</strong></span> <span class='ocrx_word' id='word_1_124' title='bbox 513 1583 574 1637; x_wconf 81' lang='lat' dir='ltr'><strong>Fuit</strong></span> <span class='ocrx_word' id='word_1_125' title='bbox 586 1586 680 1652; x_wconf 78' lang='lat' dir='ltr'><strong>ingens</strong></span> <span class='ocrx_word' id='word_1_126' title='bbox 691 1594 781 1636; x_wconf 88' lang='lat' dir='ltr'><strong>monte</strong></span> <span class='ocrx_word' id='word_1_127' title='bbox 795 1584 845 1636; x_wconf 89' lang='lat' dir='ltr'><strong>sub</strong></span> <span class='ocrx_word' id='word_1_128' title='bbox 857 1582 910 1636; x_wconf 92' lang='lat' dir='ltr'><strong>alto</strong></span> 
     </span>
     <span class='ocr_line' id='line_1_20' title="bbox 193 1652 1050 1722; baseline -0.001 -17"><span class='ocrx_word' id='word_1_129' title='bbox 193 1652 273 1719; x_wconf 88' lang='lat' dir='ltr'><strong>Regis</strong></span> <span class='ocrx_word' id='word_1_130' title='bbox 285 1653 415 1705; x_wconf 82' lang='lat' dir='ltr'><strong>Dercenni</strong></span> <span class='ocrx_word' id='word_1_131' title='bbox 430 1664 533 1705; x_wconf 88' lang='lat' dir='ltr'><strong>terreno</strong></span> <span class='ocrx_word' id='word_1_132' title='bbox 546 1671 580 1706; x_wconf 85' lang='lat' dir='ltr'><strong>ex</strong></span> <span class='ocrx_word' id='word_1_133' title='bbox 591 1671 688 1722; x_wconf 83' lang='lat' dir='ltr'><strong>aggere</strong></span> <span class='ocrx_word' id='word_1_134' title='bbox 700 1653 810 1706; x_wconf 89' lang='lat' dir='ltr'><strong>bustum</strong></span> <span class='ocrx_word' id='word_1_135' title='bbox 990 1654 1050 1704; x_wconf 75' lang='lat'><strong>850</strong></span> 
     </span>
    </p>

    <p class='ocr_par' dir='ltr' id='par_1_5' title="bbox 113 1722 1120 2898">
     <span class='ocr_line' id='line_1_21' title="bbox 113 1722 817 1792; baseline 0.001 -18"><span class='ocrx_word' id='word_1_136' title='bbox 113 1773 116 1780; x_wconf 20' lang='grc' dir='ltr'>λ</span> <span class='ocrx_word' id='word_1_137' title='bbox 193 1722 256 1774; x_wconf 89' lang='lat' dir='ltr'><strong>Anti</strong></span> <span class='ocrx_word' id='word_1_138' title='bbox 277 1722 303 1774; x_wconf 90' lang='lat' dir='ltr'><strong>ui</strong></span> <span class='ocrx_word' id='word_1_139' title='bbox 316 1722 463 1790; x_wconf 88' lang='lat' dir='ltr'><strong>Laurentis,</strong></span> <span class='ocrx_word' id='word_1_140' title='bbox 476 1739 613 1792; x_wconf 84' lang='lat' dir='ltr'><strong>opacaque</strong></span> <span class='ocrx_word' id='word_1_141' title='bbox 626 1722 687 1774; x_wconf 87' lang='lat' dir='ltr'><strong>ilice</strong></span> <span class='ocrx_word' id='word_1_142' title='bbox 701 1730 817 1790; x_wconf 77' lang='lat' dir='ltr'><strong>tectum,</strong></span> 
     </span>
     <span class='ocr_line' id='line_1_22' title="bbox 194 1738 843 1861; baseline 0.002 -19"><span class='ocrx_word' id='word_1_143' title='bbox 194 1790 244 1842; x_wconf 84' lang='lat' dir='ltr'><strong>llic</strong></span> <span class='ocrx_word' id='word_1_144' title='bbox 255 1738 307 1845; x_wconf 76' lang='lat' dir='ltr'><strong>dea</strong></span> <span class='ocrx_word' id='word_1_145' title='bbox 319 1808 351 1843; x_wconf 85' lang='lat' dir='ltr'><strong>se</strong></span> <span class='ocrx_word' id='word_1_146' title='bbox 362 1791 478 1859; x_wconf 91' lang='lat' dir='ltr'><strong>primum</strong></span> <span class='ocrx_word' id='word_1_147' title='bbox 491 1792 580 1861; x_wconf 85' lang='lat' dir='ltr'><strong>rapido</strong></span> <span class='ocrx_word' id='word_1_148' title='bbox 592 1790 773 1861; x_wconf 87' lang='lat' dir='ltr'><strong>pulcherrima</strong></span> <span class='ocrx_word' id='word_1_149' title='bbox 785 1792 843 1843; x_wconf 88' lang='lat' dir='ltr'><strong>nisu</strong></span> 
     </span>
     <span class='ocr_line' id='line_1_23' title="bbox 194 1859 873 1930; baseline 0 -18"><span class='ocrx_word' id='word_1_150' title='bbox 194 1859 276 1927; x_wconf 85' lang='lat' dir='ltr'><strong>Sistit,</strong></span> <span class='ocrx_word' id='word_1_151' title='bbox 290 1870 317 1912; x_wconf 88' lang='lat' dir='ltr'><strong>et</strong></span> <span class='ocrx_word' id='word_1_152' title='bbox 329 1866 473 1915; x_wconf 83' lang='lat' dir='ltr'><strong>Arruntem</strong></span> <span class='ocrx_word' id='word_1_153' title='bbox 487 1862 588 1915; x_wconf 91' lang='lat' dir='ltr'><strong>tumulo</strong></span> <span class='ocrx_word' id='word_1_154' title='bbox 601 1860 754 1930; x_wconf 85' lang='lat' dir='ltr'><strong>speculatur</strong></span> <span class='ocrx_word' id='word_1_155' title='bbox 765 1860 800 1913; x_wconf 87' lang='lat' dir='ltr'><strong>ah</strong></span> <span class='ocrx_word' id='word_1_156' title='bbox 812 1859 873 1912; x_wconf 87' lang='lat' dir='ltr'><strong>alto.</strong></span> 
     </span>
     <span class='ocr_line' id='line_1_24' title="bbox 193 1928 883 1983; baseline -0.004 0"><span class='ocrx_word' id='word_1_157' title='bbox 193 1928 229 1983; x_wconf 92' lang='lat' dir='ltr'><strong>Ut</strong></span> <span class='ocrx_word' id='word_1_158' title='bbox 241 1928 314 1981; x_wconf 85' lang='lat' dir='ltr'><strong>videt</strong></span> <span class='ocrx_word' id='word_1_159' title='bbox 327 1929 470 1983; x_wconf 86' lang='lat' dir='ltr'><strong>laetantem</strong></span> <span class='ocrx_word' id='word_1_160' title='bbox 483 1931 580 1983; x_wconf 87' lang='lat' dir='ltr'><strong>animis</strong></span> <span class='ocrx_word' id='word_1_161' title='bbox 591 1948 623 1982; x_wconf 91' lang='lat' dir='ltr'><strong>ac</strong></span> <span class='ocrx_word' id='word_1_162' title='bbox 638 1947 707 1982; x_wconf 86' lang='lat' dir='ltr'><strong>vana</strong></span> <span class='ocrx_word' id='word_1_163' title='bbox 720 1937 883 1982; x_wconf 88' lang='lat' dir='ltr'><strong>tumentem:</strong></span> 
     </span>
     <span class='ocr_line' id='line_1_25' title="bbox 195 1994 1120 2067; baseline 0.003 -17"><span class='ocrx_word' id='word_1_164' title='bbox 195 1998 279 2065; x_wconf 82' lang='lat' dir='ltr'><strong>‘Cur,&#39;</strong></span> <span class='ocrx_word' id='word_1_165' title='bbox 291 1997 384 2066; x_wconf 88' lang='lat' dir='ltr'><strong>inquit,</strong></span> <span class='ocrx_word' id='word_1_166' title='bbox 400 1999 536 2053; x_wconf 74' lang='lat' dir='ltr'><strong>‘diversus</strong></span> <span class='ocrx_word' id='word_1_167' title='bbox 547 1998 625 2052; x_wconf 81' lang='lat' dir='ltr'><strong>abisl</strong></span> <span class='ocrx_word' id='word_1_168' title='bbox 644 1998 698 2051; x_wconf 91' lang='lat' dir='ltr'><strong>huc</strong></span> <span class='ocrx_word' id='word_1_169' title='bbox 710 1994 796 2066; x_wconf 87' lang='lat' dir='ltr'><strong>dirige</strong></span> <span class='ocrx_word' id='word_1_170' title='bbox 808 2013 940 2067; x_wconf 82' lang='lat' dir='ltr'><strong>gressum,</strong></span> <span class='ocrx_word' id='word_1_171' title='bbox 997 2001 1061 2053; x_wconf 75' lang='lat'><strong>8⁵5</strong></span> <span class='ocrx_word' id='word_1_172' title='bbox 1119 2024 1120 2037; x_wconf 29' lang='grc' dir='ltr'>π</span> 
     </span>
     <span class='ocr_line' id='line_1_26' title="bbox 193 2066 858 2137; baseline 0 -19"><span class='ocrx_word' id='word_1_173' title='bbox 193 2066 261 2135; x_wconf 86' lang='lat' dir='ltr'><strong>Huc,</strong></span> <span class='ocrx_word' id='word_1_174' title='bbox 274 2067 397 2136; x_wconf 87' lang='lat' dir='ltr'><strong>periture,</strong></span> <span class='ocrx_word' id='word_1_175' title='bbox 411 2068 479 2135; x_wconf 87' lang='lat' dir='ltr'><strong>veni,</strong></span> <span class='ocrx_word' id='word_1_176' title='bbox 493 2069 583 2137; x_wconf 85' lang='lat' dir='ltr'><strong>capias</strong></span> <span class='ocrx_word' id='word_1_177' title='bbox 596 2078 624 2121; x_wconf 92' lang='lat' dir='ltr'><strong>ut</strong></span> <span class='ocrx_word' id='word_1_178' title='bbox 635 2068 717 2135; x_wconf 86' lang='lat' dir='ltr'><strong>digna</strong></span> <span class='ocrx_word' id='word_1_179' title='bbox 729 2067 858 2121; x_wconf 87' lang='lat' dir='ltr'><strong>Camillae</strong></span> 
     </span>
     <span class='ocr_line' id='line_1_27' title="bbox 193 2134 874 2190; baseline 0.003 -3"><span class='ocrx_word' id='word_1_180' title='bbox 193 2134 326 2188; x_wconf 83' lang='lat' dir='ltr'><strong>Praemia.</strong></span> <span class='ocrx_word' id='word_1_181' title='bbox 362 2138 438 2190; x_wconf 87' lang='lat' dir='ltr'><strong>Tune</strong></span> <span class='ocrx_word' id='word_1_182' title='bbox 450 2137 532 2190; x_wconf 89' lang='lat' dir='ltr'><strong>etiam</strong></span> <span class='ocrx_word' id='word_1_183' title='bbox 545 2137 606 2190; x_wconf 90' lang='lat' dir='ltr'><strong>telis</strong></span> <span class='ocrx_word' id='word_1_184' title='bbox 617 2138 730 2190; x_wconf 88' lang='lat' dir='ltr'><strong>moriere</strong></span> <span class='ocrx_word' id='word_1_185' title='bbox 743 2136 843 2190; x_wconf 89' lang='lat' dir='ltr'><strong>Dianae</strong></span> <span class='ocrx_word' id='word_1_186' title='bbox 852 2134 874 2189; x_wconf 77' lang='lat' dir='ltr'><strong>l’</strong></span> 
     </span>
     <span class='ocr_line' id='line_1_28' title="bbox 193 2203 840 2274; baseline 0.003 -18"><span class='ocrx_word' id='word_1_187' title='bbox 193 2203 272 2272; x_wconf 87' lang='lat' dir='ltr'><strong>Dixit,</strong></span> <span class='ocrx_word' id='word_1_188' title='bbox 286 2218 313 2258; x_wconf 93' lang='lat' dir='ltr'><strong>et</strong></span> <span class='ocrx_word' id='word_1_189' title='bbox 324 2216 417 2259; x_wconf 79' lang='lat' dir='ltr'><strong>aurata</strong></span> <span class='ocrx_word' id='word_1_190' title='bbox 429 2206 564 2262; x_wconf 90' lang='lat' dir='ltr'><strong>volucrem</strong></span> <span class='ocrx_word' id='word_1_191' title='bbox 576 2206 703 2260; x_wconf 83' lang='lat' dir='ltr'><strong>Threissa</strong></span> <span class='ocrx_word' id='word_1_192' title='bbox 715 2207 840 2274; x_wconf 89' lang='lat' dir='ltr'><strong>sagittam</strong></span> 
     </span>
     <span class='ocr_line' id='line_1_29' title="bbox 193 2272 1120 2345; baseline 0.002 -20"><span class='ocrx_word' id='word_1_193' title='bbox 193 2272 362 2342; x_wconf 86' lang='lat' dir='ltr'><strong>Deprompsit</strong></span> <span class='ocrx_word' id='word_1_194' title='bbox 374 2274 504 2345; x_wconf 87' lang='lat' dir='ltr'><strong>pharetra,</strong></span> <span class='ocrx_word' id='word_1_195' title='bbox 517 2293 653 2344; x_wconf 87' lang='lat' dir='ltr'><strong>cornuque</strong></span> <span class='ocrx_word' id='word_1_196' title='bbox 665 2275 770 2328; x_wconf 83' lang='lat' dir='ltr'><strong>infensa</strong></span> <span class='ocrx_word' id='word_1_197' title='bbox 783 2272 894 2328; x_wconf 87' lang='lat' dir='ltr'><strong>tetendit</strong></span> <span class='ocrx_word' id='word_1_198' title='bbox 1119 2316 1120 2327; x_wconf 52' lang='lat'>2</span> 
     </span>
     <span class='ocr_line' id='line_1_30' title="bbox 194 2342 1066 2414; baseline 0.004 -19"><span class='ocrx_word' id='word_1_199' title='bbox 194 2342 228 2395; x_wconf 87' lang='lat' dir='ltr'><strong>Et</strong></span> <span class='ocrx_word' id='word_1_200' title='bbox 240 2342 317 2396; x_wconf 86' lang='lat' dir='ltr'><strong>duxit</strong></span> <span class='ocrx_word' id='word_1_201' title='bbox 330 2342 415 2414; x_wconf 85' lang='lat' dir='ltr'><strong>longe,</strong></span> <span class='ocrx_word' id='word_1_202' title='bbox 429 2343 514 2397; x_wconf 90' lang='lat' dir='ltr'><strong>donec</strong></span> <span class='ocrx_word' id='word_1_203' title='bbox 527 2355 636 2398; x_wconf 88' lang='lat' dir='ltr'><strong>curvata</strong></span> <span class='ocrx_word' id='word_1_204' title='bbox 648 2351 749 2398; x_wconf 81' lang='lat' dir='ltr'><strong>coirent</strong></span> <span class='ocrx_word' id='word_1_205' title='bbox 1000 2348 1066 2399; x_wconf 83' lang='grc'><strong>860</strong></span> 
     </span>
     <span class='ocr_line' id='line_1_31' title="bbox 194 2411 901 2483; baseline -0.001 -19"><span class='ocrx_word' id='word_1_206' title='bbox 194 2411 266 2464; x_wconf 89' lang='lat' dir='ltr'><strong>Inter</strong></span> <span class='ocrx_word' id='word_1_207' title='bbox 277 2429 306 2464; x_wconf 89' lang='lat' dir='ltr'><strong>se</strong></span> <span class='ocrx_word' id='word_1_208' title='bbox 319 2415 414 2481; x_wconf 88' lang='lat' dir='ltr'><strong>capita,</strong></span> <span class='ocrx_word' id='word_1_209' title='bbox 427 2422 455 2466; x_wconf 88' lang='lat' dir='ltr'><strong>et</strong></span> <span class='ocrx_word' id='word_1_210' title='bbox 467 2414 591 2467; x_wconf 88' lang='lat' dir='ltr'><strong>manibus</strong></span> <span class='ocrx_word' id='word_1_211' title='bbox 602 2412 655 2483; x_wconf 84' lang='lat' dir='ltr'><strong>jam</strong></span> <span class='ocrx_word' id='word_1_212' title='bbox 670 2421 788 2482; x_wconf 85' lang='lat' dir='ltr'><strong>tangeret</strong></span> <span class='ocrx_word' id='word_1_213' title='bbox 801 2411 901 2482; x_wconf 88' lang='lat' dir='ltr'><strong>aequis,</strong></span> 
     </span>
     <span class='ocr_line' id='line_1_32' title="bbox 193 2480 866 2553; baseline 0.001 -20"><span class='ocrx_word' id='word_1_214' title='bbox 193 2480 284 2537; x_wconf 82' lang='lat' dir='ltr'><strong>Laeva</strong></span> <span class='ocrx_word' id='word_1_215' title='bbox 294 2483 382 2535; x_wconf 88' lang='lat' dir='ltr'><strong>aciem</strong></span> <span class='ocrx_word' id='word_1_216' title='bbox 395 2482 468 2551; x_wconf 79' lang='lat' dir='ltr'><strong>ferri,</strong></span> <span class='ocrx_word' id='word_1_217' title='bbox 478 2483 572 2535; x_wconf 88' lang='lat' dir='ltr'><strong>dextra</strong></span> <span class='ocrx_word' id='word_1_218' title='bbox 585 2500 718 2553; x_wconf 85' lang='lat' dir='ltr'><strong>nervoque</strong></span> <span class='ocrx_word' id='word_1_219' title='bbox 730 2481 866 2552; x_wconf 88' lang='lat' dir='ltr'><strong>papillam.</strong></span> 
     </span>
     <span class='ocr_line' id='line_1_33' title="bbox 194 2550 822 2622; baseline -0.002 -18"><span class='ocrx_word' id='word_1_220' title='bbox 194 2550 338 2619; x_wconf 85' lang='lat' dir='ltr'><strong>Extemplo</strong></span> <span class='ocrx_word' id='word_1_221' title='bbox 351 2551 397 2607; x_wconf 83' lang='lat' dir='ltr'><strong>teli</strong></span> <span class='ocrx_word' id='word_1_222' title='bbox 408 2550 547 2605; x_wconf 90' lang='lat' dir='ltr'><strong>stridorem</strong></span> <span class='ocrx_word' id='word_1_223' title='bbox 559 2569 691 2622; x_wconf 84' lang='lat' dir='ltr'><strong>aurasque</strong></span> <span class='ocrx_word' id='word_1_224' title='bbox 704 2555 822 2605; x_wconf 90' lang='lat' dir='ltr'><strong>sonantis</strong></span> 
     </span>
     <span class='ocr_line' id='line_1_34' title="bbox 194 2619 908 2692; baseline -0.003 -20"><span class='ocrx_word' id='word_1_225' title='bbox 194 2620 285 2672; x_wconf 88' lang='lat' dir='ltr'><strong>Audiit</strong></span> <span class='ocrx_word' id='word_1_226' title='bbox 298 2636 351 2675; x_wconf 83' lang='lat' dir='ltr'><strong>uua</strong></span> <span class='ocrx_word' id='word_1_227' title='bbox 363 2621 471 2690; x_wconf 88' lang='lat' dir='ltr'><strong>Arruns,</strong></span> <span class='ocrx_word' id='word_1_228' title='bbox 484 2620 625 2691; x_wconf 87' lang='lat' dir='ltr'><strong>haesitque</strong></span> <span class='ocrx_word' id='word_1_229' title='bbox 638 2621 664 2674; x_wconf 91' lang='lat' dir='ltr'><strong>in</strong></span> <span class='ocrx_word' id='word_1_230' title='bbox 677 2636 785 2692; x_wconf 87' lang='lat' dir='ltr'><strong>corpore</strong></span> <span class='ocrx_word' id='word_1_231' title='bbox 797 2619 908 2673; x_wconf 89' lang='lat' dir='ltr'><strong>ferrum.</strong></span> 
     </span>
     <span class='ocr_line' id='line_1_35' title="bbox 193 2687 1069 2759; baseline 0.007 -19"><span class='ocrx_word' id='word_1_232' title='bbox 193 2687 272 2740; x_wconf 91' lang='lat' dir='ltr'><strong>lllum</strong></span> <span class='ocrx_word' id='word_1_233' title='bbox 285 2689 465 2758; x_wconf 80' lang='lat' dir='ltr'><strong>exspirantem</strong></span> <span class='ocrx_word' id='word_1_234' title='bbox 479 2690 543 2742; x_wconf 89' lang='lat' dir='ltr'><strong>socii</strong></span> <span class='ocrx_word' id='word_1_235' title='bbox 555 2699 636 2759; x_wconf 88' lang='lat' dir='ltr'><strong>atque</strong></span> <span class='ocrx_word' id='word_1_236' title='bbox 648 2700 769 2744; x_wconf 81' lang='lat' dir='ltr'><strong>extrema</strong></span> <span class='ocrx_word' id='word_1_237' title='bbox 779 2696 937 2757; x_wconf 86' lang='lat' dir='ltr'><strong>gementem</strong></span> <span class='ocrx_word' id='word_1_238' title='bbox 1005 2693 1069 2746; x_wconf 67' lang='lat'><strong>88⁸</strong></span> 
     </span>
     <span class='ocr_line' id='line_1_36' title="bbox 193 2756 852 2829; baseline 0.002 -20"><span class='ocrx_word' id='word_1_239' title='bbox 193 2756 273 2810; x_wconf 89' lang='lat' dir='ltr'><strong>Obliti</strong></span> <span class='ocrx_word' id='word_1_240' title='bbox 285 2757 373 2824; x_wconf 83' lang='lat' dir='ltr'><strong>ignoto</strong></span> <span class='ocrx_word' id='word_1_241' title='bbox 385 2774 540 2827; x_wconf 87' lang='lat' dir='ltr'><strong>camporum</strong></span> <span class='ocrx_word' id='word_1_242' title='bbox 553 2759 579 2812; x_wconf 89' lang='lat' dir='ltr'><strong>iu</strong></span> <span class='ocrx_word' id='word_1_243' title='bbox 592 2758 702 2829; x_wconf 88' lang='lat' dir='ltr'><strong>pulvere</strong></span> <span class='ocrx_word' id='word_1_244' title='bbox 714 2759 852 2828; x_wconf 73' lang='lat' dir='ltr'><strong>linquunt,</strong></span> 
     </span>
     <span class='ocr_line' id='line_1_37' title="bbox 193 2825 865 2898; baseline 0 -20"><span class='ocrx_word' id='word_1_245' title='bbox 193 2825 257 2894; x_wconf 90' lang='lat' dir='ltr'><strong>Opis</strong></span> <span class='ocrx_word' id='word_1_246' title='bbox 269 2827 302 2879; x_wconf 89' lang='lat' dir='ltr'><strong>ad</strong></span> <span class='ocrx_word' id='word_1_247' title='bbox 316 2827 466 2881; x_wconf 86' lang='lat' dir='ltr'><strong>aetherium</strong></span> <span class='ocrx_word' id='word_1_248' title='bbox 478 2829 573 2896; x_wconf 90' lang='lat' dir='ltr'><strong>pennis</strong></span> <span class='ocrx_word' id='word_1_249' title='bbox 584 2827 702 2880; x_wconf 80' lang='lat' dir='ltr'><strong>aufertur</strong></span> <span class='ocrx_word' id='word_1_250' title='bbox 713 2828 865 2898; x_wconf 87' lang='lat' dir='ltr'><strong>Olympum.</strong></span> 
     </span>
    </p>

    <p class='ocr_par' dir='ltr' id='par_1_6' title="bbox 228 2892 943 2966">
     <span class='ocr_line' id='line_1_38' title="bbox 228 2892 943 2966; baseline -0.003 -17"><span class='ocrx_word' id='word_1_251' title='bbox 228 2894 317 2949; x_wconf 88' lang='lat' dir='ltr'><strong>Prima</strong></span> <span class='ocrx_word' id='word_1_252' title='bbox 331 2895 406 2965; x_wconf 80' lang='lat' dir='ltr'><strong>fugit,</strong></span> <span class='ocrx_word' id='word_1_253' title='bbox 419 2896 527 2949; x_wconf 89' lang='lat' dir='ltr'><strong>domina</strong></span> <span class='ocrx_word' id='word_1_254' title='bbox 538 2898 645 2966; x_wconf 82' lang='lat' dir='ltr'><strong>amissa,</strong></span> <span class='ocrx_word' id='word_1_255' title='bbox 659 2896 726 2950; x_wconf 88' lang='lat' dir='ltr'><strong>levis</strong></span> <span class='ocrx_word' id='word_1_256' title='bbox 737 2897 781 2950; x_wconf 88' lang='lat' dir='ltr'><strong>ala</strong></span> <span class='ocrx_word' id='word_1_257' title='bbox 792 2892 943 2965; x_wconf 74' lang='lat' dir='ltr'><strong>Camilla05</strong></span> 
     </span>
    </p>

    <p class='ocr_par' dir='ltr' id='par_1_7' title="bbox 192 2961 1120 3171">
     <span class='ocr_line' id='line_1_39' title="bbox 193 2961 803 3035; baseline 0.007 -21"><span class='ocrx_word' id='word_1_258' title='bbox 193 2961 304 3015; x_wconf 87' lang='lat' dir='ltr'><strong>Turbati</strong></span> <span class='ocrx_word' id='word_1_259' title='bbox 317 2963 422 3032; x_wconf 81' lang='lat' dir='ltr'><strong>fugiunt</strong></span> <span class='ocrx_word' id='word_1_260' title='bbox 434 2966 532 3031; x_wconf 85' lang='lat' dir='ltr'><strong>Rutuli,</strong></span> <span class='ocrx_word' id='word_1_261' title='bbox 546 2965 614 3034; x_wconf 83' lang='lat' dir='ltr'><strong>sugit</strong></span> <span class='ocrx_word' id='word_1_262' title='bbox 625 2982 688 3020; x_wconf 85' lang='lat' dir='ltr'><strong>acer</strong></span> <span class='ocrx_word' id='word_1_263' title='bbox 699 2966 803 3035; x_wconf 91' lang='lat' dir='ltr'><strong>Atinas,</strong></span> 
     </span>
     <span class='ocr_line' id='line_1_40' title="bbox 192 3029 1120 3104; baseline 0.004 -19"><span class='ocrx_word' id='word_1_264' title='bbox 192 3029 358 3101; x_wconf 81' lang='lat' dir='ltr'><strong>Disjcctique</strong></span> <span class='ocrx_word' id='word_1_265' title='bbox 370 3034 453 3086; x_wconf 85' lang='lat' dir='ltr'><strong>duces</strong></span> <span class='ocrx_word' id='word_1_266' title='bbox 464 3033 631 3104; x_wconf 88' lang='lat' dir='ltr'><strong>desolatique</strong></span> <span class='ocrx_word' id='word_1_267' title='bbox 643 3035 752 3104; x_wconf 87' lang='lat' dir='ltr'><strong>manipli</strong></span> <span class='ocrx_word' id='word_1_268' title='bbox 1008 3039 1076 3091; x_wconf 74' lang='lat' dir='ltr'><strong>stc</strong></span> <span class='ocrx_word' id='word_1_269' title='bbox 1119 3064 1120 3075; x_wconf 67' lang='lat'>2</span> 
     </span>
     <span class='ocr_line' id='line_1_41' title="bbox 193 3097 886 3171; baseline 0.01 -23"><span class='ocrx_word' id='word_1_270' title='bbox 193 3097 263 3150; x_wconf 86' lang='lat' dir='ltr'><strong>Tuta</strong></span> <span class='ocrx_word' id='word_1_271' title='bbox 275 3111 377 3170; x_wconf 91' lang='lat' dir='ltr'><strong>petunt,</strong></span> <span class='ocrx_word' id='word_1_272' title='bbox 385 3112 414 3155; x_wconf 89' lang='lat' dir='ltr'><strong>et</strong></span> <span class='ocrx_word' id='word_1_273' title='bbox 421 3103 587 3171; x_wconf 86' lang='lat' dir='ltr'><strong>equisaversi</strong></span> <span class='ocrx_word' id='word_1_274' title='bbox 598 3103 633 3157; x_wconf 86' lang='lat' dir='ltr'><strong>ad</strong></span> <span class='ocrx_word' id='word_1_275' title='bbox 645 3105 752 3157; x_wconf 86' lang='lat' dir='ltr'><strong>moenia</strong></span> <span class='ocrx_word' id='word_1_276' title='bbox 764 3100 886 3157; x_wconf 89' lang='lat' dir='ltr'><strong>tendunt.</strong></span> 
     </span>
    </p>
   </div>
   <div class='ocr_carea' id='block_1_2' title="bbox 121 3251 1077 3494">
    <p class='ocr_par' dir='ltr' id='par_1_8' title="bbox 121 3251 1077 3494">
     <span class='ocr_line' id='line_1_42' title="bbox 140 3251 1077 3323; baseline 0.016 -26"><span class='ocrx_word' id='word_1_277' title='bbox 140 3251 204 3313; x_wconf 73' lang='grc'><strong>850.</strong></span> <span class='ocrx_word' id='word_1_278' title='bbox 223 3252 271 3300; x_wconf 89' lang='lat' dir='ltr'><strong>We</strong></span> <span class='ocrx_word' id='word_1_279' title='bbox 283 3254 357 3302; x_wconf 81' lang='lat' dir='ltr'><strong>know</strong></span> <span class='ocrx_word' id='word_1_280' title='bbox 367 3258 470 3319; x_wconf 85' lang='lat' dir='ltr'><strong>nothing</strong></span> <span class='ocrx_word' id='word_1_281' title='bbox 479 3260 530 3308; x_wconf 87' lang='lat' dir='ltr'><strong>else</strong></span> <span class='ocrx_word' id='word_1_282' title='bbox 542 3261 570 3309; x_wconf 89' lang='lat' dir='ltr'><strong>of</strong></span> <span class='ocrx_word' id='word_1_283' title='bbox 576 3261 823 3318; x_wconf 75' lang='lat' dir='ltr'><strong>Dorsennus-86⁰,</strong></span> <span class='ocrx_word' id='word_1_284' title='bbox 837 3262 886 3309; x_wconf 81' lang='lat' dir='ltr'><strong>dcc.</strong></span> <span class='ocrx_word' id='word_1_285' title='bbox 904 3260 945 3310; x_wconf 80' lang='lat' dir='ltr'><strong>So</strong></span> <span class='ocrx_word' id='word_1_286' title='bbox 957 3263 1077 3323; x_wconf 74' lang='lat' dir='ltr'><strong>stomty</strong></span> 
     </span>
     <span class='ocr_line' id='line_1_43' title="bbox 122 3301 1074 3382; baseline 0.024 -34"><span class='ocrx_word' id='word_1_287' title='bbox 122 3301 161 3349; x_wconf 84' lang='lat' dir='ltr'><strong>drd</strong></span> <span class='ocrx_word' id='word_1_288' title='bbox 173 3307 217 3354; x_wconf 87' lang='lat' dir='ltr'><strong>she</strong></span> <span class='ocrx_word' id='word_1_289' title='bbox 228 3311 291 3359; x_wconf 88' lang='lat' dir='ltr'><strong>bend</strong></span> <span class='ocrx_word' id='word_1_290' title='bbox 303 3313 344 3360; x_wconf 85' lang='lat' dir='ltr'><strong>the</strong></span> <span class='ocrx_word' id='word_1_291' title='bbox 356 3317 420 3371; x_wconf 75' lang='lat' dir='ltr'><strong>hotv,</strong></span> <span class='ocrx_word' id='word_1_292' title='bbox 434 3318 485 3365; x_wconf 86' lang='lat' dir='ltr'><strong>that</strong></span> <span class='ocrx_word' id='word_1_293' title='bbox 502 3320 533 3367; x_wconf 89' lang='lat' dir='ltr'><strong>its</strong></span> <span class='ocrx_word' id='word_1_294' title='bbox 550 3331 600 3367; x_wconf 87' lang='lat' dir='ltr'><strong>two</strong></span> <span class='ocrx_word' id='word_1_295' title='bbox 616 3321 857 3382; x_wconf 73' lang='lat' dir='ltr'><strong>endslccpitalm013</strong></span> <span class='ocrx_word' id='word_1_296' title='bbox 874 3320 925 3368; x_wconf 83' lang='lat' dir='ltr'><strong>and</strong></span> <span class='ocrx_word' id='word_1_297' title='bbox 938 3323 1035 3371; x_wconf 73' lang='lat' dir='ltr'><strong>while</strong></span> <span class='ocrx_word' id='word_1_298' title='bbox 1053 3324 1074 3370; x_wconf 83' lang='lat' dir='ltr'><strong>it</strong></span> 
     </span>
     <span class='ocr_line' id='line_1_44' title="bbox 122 3362 1074 3454; baseline 0.011 -32"><span class='ocrx_word' id='word_1_299' title='bbox 122 3369 173 3454; x_wconf 48' lang='grc' dir='ltr'><strong>Ἦ</strong></span> <span class='ocrx_word' id='word_1_300' title='bbox 183 3362 266 3415; x_wconf 70' lang='lat' dir='ltr'><strong>dfawrr</strong></span> <span class='ocrx_word' id='word_1_301' title='bbox 277 3385 309 3427; x_wconf 82' lang='lat' dir='ltr'><strong>up</strong></span> <span class='ocrx_word' id='word_1_302' title='bbox 320 3382 346 3438; x_wconf 79' lang='lat' dir='ltr'><strong>to</strong></span> <span class='ocrx_word' id='word_1_303' title='bbox 357 3373 397 3421; x_wconf 85' lang='lat' dir='ltr'><strong>the</strong></span> <span class='ocrx_word' id='word_1_304' title='bbox 410 3377 571 3434; x_wconf 75' lang='lat' dir='ltr'><strong>arnon-hond,</strong></span> <span class='ocrx_word' id='word_1_305' title='bbox 584 3394 613 3426; x_wconf 87' lang='lat' dir='ltr'><strong>so</strong></span> <span class='ocrx_word' id='word_1_306' title='bbox 628 3395 655 3427; x_wconf 86' lang='lat' dir='ltr'><strong>ss</strong></span> <span class='ocrx_word' id='word_1_307' title='bbox 671 3391 698 3427; x_wconf 93' lang='lat' dir='ltr'><strong>to</strong></span> <span class='ocrx_word' id='word_1_308' title='bbox 714 3380 788 3429; x_wconf 90' lang='lat' dir='ltr'><strong>touch</strong></span> <span class='ocrx_word' id='word_1_309' title='bbox 803 3379 847 3428; x_wconf 87' lang='lat' dir='ltr'><strong>hcr</strong></span> <span class='ocrx_word' id='word_1_310' title='bbox 857 3379 902 3428; x_wconf 83' lang='lat' dir='ltr'><strong>lest</strong></span> <span class='ocrx_word' id='word_1_311' title='bbox 912 3378 1009 3440; x_wconf 77' lang='lat' dir='ltr'><strong>hand,</strong></span> <span class='ocrx_word' id='word_1_312' title='bbox 1024 3381 1074 3431; x_wconf 76' lang='lat' dir='ltr'><strong>tho</strong></span> 
     </span>
     <span class='ocr_line' id='line_1_45' title="bbox 121 3421 953 3494; baseline 0.022 -22"><span class='ocrx_word' id='word_1_313' title='bbox 121 3421 135 3454; x_wconf 80' lang='lat'><strong>¹</strong></span> <span class='ocrx_word' id='word_1_314' title='bbox 146 3425 199 3472; x_wconf 72' lang='lat' dir='ltr'>¹¹¹¹ss</span> <span class='ocrx_word' id='word_1_315' title='bbox 209 3421 290 3476; x_wconf 80' lang='lat' dir='ltr'><strong>rulted</strong></span> <span class='ocrx_word' id='word_1_316' title='bbox 301 3428 361 3477; x_wconf 81' lang='lat' dir='ltr'><strong>with</strong></span> <span class='ocrx_word' id='word_1_317' title='bbox 373 3430 490 3494; x_wconf 76' lang='lat' dir='ltr'><strong>the&#39;right</strong></span> <span class='ocrx_word' id='word_1_318' title='bbox 500 3435 566 3486; x_wconf 76' lang='lat' dir='ltr'><strong>haud</strong></span> <span class='ocrx_word' id='word_1_319' title='bbox 577 3437 682 3488; x_wconf 78' lang='lat' dir='ltr'><strong>touched</strong></span> <span class='ocrx_word' id='word_1_320' title='bbox 691 3439 736 3489; x_wconf 87' lang='lat' dir='ltr'><strong>her</strong></span> <span class='ocrx_word' id='word_1_321' title='bbox 746 3439 837 3490; x_wconf 72' lang='lat' dir='ltr'><strong>braant.</strong></span> <span class='ocrx_word' id='word_1_322' title='bbox 852 3452 877 3489; x_wconf 75' lang='lat' dir='ltr'><strong>v.</strong></span> <span class='ocrx_word' id='word_1_323' title='bbox 889 3440 953 3490; x_wconf 68' lang='grc'><strong>507.</strong></span> 
     </span>
    </p>
   </div>
   <div class='ocr_carea' id='block_1_3' title="bbox 0 52 1132 3826">
    <p class='ocr_par' dir='ltr' id='par_1_9' title="bbox 0 52 1132 3826">
     <span class='ocr_line' id='line_1_46' title="bbox 0 52 1132 3826; baseline 0 0"><span class='ocrx_word' id='word_1_324' title='bbox 0 52 1132 3826; x_wconf 95' lang='lat' dir='ltr'><strong> </strong></span> 
     </span>
    </p>
   </div>
  </div>
 </body>
</html>
