2282 3790
497 228 660 271 RERUM!-

186 358 265 427 ‘Rern
278 373 364 427 genus
374 357 515 426 egregium
527 355 621 425 Fauni,
634 373 686 415 nee
696 356 825 411 fluctibns
835 365 912 413 astos

184 430 251 481 Atra
263 427 367 495 subegit
380 426 470 479 biems
482 428 576 479 restris
588 426 733 479 succedere
746 427 829 497 terris,

184 497 244 550 Nec
257 496 331 549 sidus
343 497 451 563 regione
463 496 522 548 viae
533 495 630 549 litusve
643 494 758 563 fefellit3
984 500 1033 550 210

184 565 300 619 Consilio
312 565 382 619 huno
392 581 488 618 omues
497 566 650 633 animisque
663 564 812 617 volentibus
823 565 922 619 urbem

184 634 348 704 Adserimur,
362 634 433 703 pulei
444 635 541 702 regnis,
556 651 626 703 quas
639 634 757 689 maxima
768 633 907 702 quondum

185 704 312 759 Extremo
325 705 435 757 veniens
446 703 490 756 Sol
500 703 647 772 aspiciebat
658 702 781 771 Olympo.

184 773 228 827 Ab
239 774 306 828 Jove
318 773 477 842 principium
488 773 594 840 generis
601 789 609 840 3
627 772 693 826 Jove
706 772 831 825 Dardana
841 772 930 842 pubes
1131 834 1132 839 ἵ

183 842 289 894 Gaudet
301 859 352 894 avo
359 858 367 910 3
386 859 432 893 rex
445 842 501 909 ipse
513 842 587 896 lovis
598 841 724 909 degente
737 857 871 911 suprema,
982 844 1034 893 220
1131 842 1132 889 l

183 910 280 963 Troius
292 914 406 978 Aeneas,
420 919 466 963 tua
477 928 526 963 nos
536 912 570 964 ad
583 910 677 964 limina
688 910 770 964 misit.
1131 918 1132 925 ’

182 979 289 1038 Quanta
300 996 347 1049 per
357 978 453 1032 Idaeos
465 982 554 1033 saeris
564 980 651 1035 effusa
662 979 789 1048 Mycenis

182 1048 343 1117 Tempestas
355 1049 412 1101 ierit
424 1065 541 1118 campos,
554 1049 650 1118 quihus
661 1059 738 1101 actus
749 1059 862 1117 uterque

183 1118 305 1186 Europae
317 1127 398 1186 atque
410 1119 491 1171 Asiae
504 1118 567 1171 fatis
578 1119 737 1171 concurrerit
748 1118 825 1187 orbis,

182 1187 285 1256 Audiit,
298 1195 325 1240 et
337 1187 454 1256 siquem
467 1187 547 1239 tellus
558 1195 679 1241 extrema
692 1186 780 1241 refuso
983 1189 1035 1239 220

182 1255 329 1309 Submovet
340 1257 453 1324 Oceano,
466 1266 493 1308 ct
506 1257 528 1308 si
539 1273 621 1325 quern
634 1263 741 1309 extenta
753 1256 894 1324 plagarum

183 1324 301 1381 Quatuor
312 1327 337 1379 in
351 1325 441 1379 medio
452 1325 552 1379 dirimit
566 1325 643 1394 plaga
655 1325 723 1378 Solis
735 1325 827 1394 iniqui.

183 1394 288 1447 Diluvio
300 1411 335 1447 ex
347 1394 392 1447 illo
404 1402 441 1447 tot
453 1404 529 1447 vasta
541 1411 715 1464 peraequum
727 1395 796 1446 vecti

183 1462 231 1517 Dis
242 1463 338 1517 sedern
349 1464 475 1530 exiguam
488 1464 580 1532 patriis
592 1464 708 1533 litusque
721 1479 845 1530 rogamus

182 1531 964 1602 Innocuumetcunotisundamqueauramqnepatentcm,
982 1536 1036 1585 230

181 1599 242 1654 Non
254 1601 356 1654 erimus
368 1618 448 1668 regno
461 1601 605 1670 indecores,
619 1618 670 1654 neo
683 1611 769 1654 vestra
780 1600 881 1655 seretur

183 1667 268 1722 Fama
280 1669 354 1738 levis,
368 1671 469 1723 tantive
481 1671 617 1725 abolescet
627 1671 713 1739 gratia
725 1670 797 1738 lacti,

182 1737 242 1790 Nec
253 1738 362 1808 Trojam
372 1740 505 1794 Ausonios
536 1741 617 1793 remio
629 1741 770 1809 excepisse
782 1738 892 1808 pigebit.

183 1805 250 1859 Fata
261 1824 309 1889 per
319 1809 430 1861 Aeneae
441 1807 498 1877 juro
508 1757 687 1877 dextramque
698 1817 844 1878 potentem,

182 1875 245 1928 Sive
257 1877 311 1930 lude
323 1893 370 1930 seu
382 1878 445 1946 quis
457 1878 528 1931 bello
538 1888 580 1930 est
591 1887 717 1946 expertus
729 1878 866 1930 sturmis:
982 1881 1034 1930 tao

181 1945 263 1999 Multi
275 1960 325 1999 nos
335 1947 436 2016 populi,
445 1947 616 2000 multae—ne
629 1957 727 2016 terune,
740 1947 812 2015 quod
824 1946 893 1999 ultro

182 2014 364 2068 Praeierimus
374 2016 500 2071 manibus
511 2016 592 2068 vittas
602 2032 635 2069 ao
647 2016 730 2069 verba
742 2016 916 2085 precantia-

183 2082 218 2135 Et
249 2084 332 2136 etiere
344 2084 394 2137 sibi
407 2094 434 2138 et
445 2085 553 2137 voluere
564 2084 816 2154 adjungeregentes
822 2100 831 2152 3

182 2150 215 2203 Se
246 2169 295 2205 nos
305 2152 361 2206 fata
372 2153 456 2207 deum
469 2164 570 2207 vestras
582 2156 721 2222 exquirere
734 2163 818 2206 terras

182 2219 307 2288 Imperiis
318 2238 398 2289 egere
411 2224 475 2277 suis.
512 2223 831 2290 HinoDardanusortus;
984 2227 1037 2277 240

118 2343 119 2346 ,
182 2289 242 2341 Huc
255 2292 350 2358 repetit
360 2290 495 2360 jussisque
506 2291 659 2360 ingentibus
671 2301 765 2360 urguet
777 2291 873 2360 Apollo

181 2357 350 2427 Tyrrhenum
361 2359 396 2414 ad
409 2362 538 2430 Thybrim
551 2370 578 2414 et
590 2360 671 2414 sontis
684 2361 753 2414 vade
764 2378 840 2414 sacra
851 2362 973 2417 Numici.

181 2427 232 2480 Dat
245 2428 293 2482 tibi
305 2430 587 2498 praetereaFortuuae
599 2447 681 2498 parva
693 2430 784 2499 prioris

181 2497 303 2567 Munera,
317 2498 443 2568 reliquias
454 2498 533 2568 Troja
544 2516 580 2552 ex
591 2499 701 2552 ardente
715 2507 845 2568 receptas.

181 2566 239 2619 Hoc
285 2578 325 2620 ter
336 2567 468 2621 Anchises
479 2585 542 2621 auro
554 2568 656 2623 libabat
668 2568 703 2621 ad
714 2585 789 2635 aras;
981 2572 1037 2623 245

181 2635 239 2688 Hoc
251 2584 349 2690 lliami
359 2645 500 2705 gestamen
513 2646 578 2708 erat,
591 2654 655 2691 oum
665 2636 725 2707 jura
737 2636 839 2690 vocatis

140 2811 192 2856 213.
212 2808 301 2857 Gerar.
333 2810 380 2858 See
391 2821 415 2859 at
427 2812 458 2859 iv.
472 2816 603 2859 12.—215.
621 2812 659 2861 As
670 2811 712 2859 the
723 2811 832 2860 ancients
843 2812 955 2860 directed
968 2812 1038 2863 their
1058 2814 1061 2815 ⁷

111 2881 197 2914 course
208 2869 247 2936 by·
253 2868 294 2915 the
305 2879 376 2924 stara,
389 2886 417 2918 or
427 2871 468 2919 the
479 2871 527 2918 line
538 2871 566 2918 cl
573 2871 653 2925 shore.
666 2887 680 2918 a
691 2871 796 2919 mistake
805 2871 832 2918 in
843 2871 908 2918 their
918 2873 1037 2920 observo·
1131 2900 1132 2935 y

111 2926 176 2974 tions
187 2925 214 2974 ol
225 2927 304 2975 either
314 2928 392 2989 might
406 2930 460 2978 lead
476 2930 543 2978 them
555 2939 581 2977 to
591 2946 607 2978 a
618 2939 720 2990 country
731 2929 811 2977 which
823 2930 883 2988 they
895 2929 943 2977 bad
953 2943 987 2979 uo
997 2930 1036 2978 in·

111 2985 206 3032 tention
219 2984 248 3032 of
259 2986 460 3046 viritim-ele.
475 2987 582 3050 Olympo.
614 2989 663 3036 See
679 3000 703 3036 nt
713 2988 767 3037 Eol.
778 3003 801 3036 v.
813 2991 950 3036 ott-219.
965 2987 1036 3038 Jove.

113 3042 161 3089 See
171 3053 196 3090 ot
207 3043 239 3090 iii.
250 3047 396 3093 160-222.
408 3046 520 3108 Mycenis
532 3054 582 3101 (soe
593 3046 609 3094 i.
620 3051 683 3102 283),
694 3058 736 3106 put
748 3046 784 3094 lor
793 3046 889 3095 Greeee
898 3047 1037 3107 generally.

110 3104 198 3147 -225,
216 3101 272 3149 The
282 3113 359 3152 sturm
370 3104 422 3153 tbut
431 3116 511 3165 swept
522 3121 581 3154 over
593 3106 660 3167 Troy
671 3106 715 3154 has
726 3107 789 3154 beon
799 3106 875 3153 heard
885 3105 945 3154 both
956 3106 984 3153 in
994 3106 1038 3155 tbc

112 3157 182 3203 north
194 3158 241 3224 ond
252 3160 294 3207 the
310 3163 456 3230 south-the
468 3165 542 3213 torrid
558 3181 618 3213 zone
635 3165 702 3226 lying
713 3166 825 3213 between
836 3164 878 3212 the
890 3164 961 3213 other
971 3163 1038 3213 four.

112 3211 160 3258 Sec
173 3214 246 3270 Ovrd,
259 3217 320 3266 Met.
333 3237 349 3267 1.
360 3225 398 3269 48.
407 3226 497 3271 -226,
519 3223 619 3279 Oceano,
638 3229 651 3270 ὁ
665 3224 887 3273 meliten-mo.
904 3222 962 3279 Dis,
978 3223 1038 3272 diis.

111 3272 198 3332 7230.
215 3271 353 3334 inmercum,
364 3281 446 3330 where
458 3297 496 3330 we
507 3283 570 3330 shall
580 3282 612 3330 do
622 3284 692 3331 barm
702 3293 727 3330 to
739 3286 907 3331 none—235.
925 3281 1041 3332 Faitbful

112 3336 137 3369 ²¹¹
151 3338 234 3381 pesce,
247 3333 294 3380 und
310 3339 427 3391 powsrful
443 3340 468 3388 in
483 3346 640 3392 wau-237.
656 3342 796 3398 Promotic,
814 3342 886 3390 three
904 3341 1038 3401 syllables„

38 3418 44 3429 .
111 3391 284 3488 ssgffiytye—
289 3394 341 3441 246.
355 3396 489 3458 Gestarum,
497 3402 639 3463 presenting
649 3411 754 3463 secptra,
764 3415 856 3458 eroon,
869 3401 919 3450 sud
929 3400 1031 3450 embroi
1131 3464 1132 3479 χ

256 3477 262 3489 ·
1131 3484 1132 3545 l
