2308 3780
487 204 654 267 'caminos

185 354 334 424 Congerere
346 353 483 409 arboribus
494 353 623 424 coeloque
635 354 752 408 educere
764 363 877 408 certant.

185 423 240 477 ltur
252 425 279 477 in
291 425 428 494 antiquam
442 424 545 492 silvam,
559 425 665 477 stabula
676 425 731 476 alta
744 424 878 495 ferarum,

184 492 364 546 Procumbunt
377 495 477 563 piceae,
492 501 566 544 sonat
579 493 631 545 icta
643 492 783 546 securibus
795 494 855 564 ilex,
985 499 1032 549 180
1126 490 1127 501 ’

185 559 385 632 Fraxineaeque
399 562 487 615 trabes
499 565 594 614 cuneis
605 572 632 615 et
644 562 726 616 fissile
739 564 817 616 robur

185 631 317 684 Scinditur
324 648 332 700 3
350 631 494 684 advolvunt
506 632 621 698 ingentis
631 632 767 685 montibus
778 648 864 685 ornos.

185 700 307 754 Necnon
321 704 428 754 Aeneas
439 717 520 769 opera
533 701 600 752 inter
613 700 675 752 talia
687 705 790 779 primus

184 768 307 822 Hortatur
318 770 410 839 socios,
424 770 583 839 paribusque
595 771 742 838 accingrtur
752 771 841 824 armis

184 841 274 907 Atque
287 838 355 892 baec
368 839 424 906 ipse
436 855 484 891 suo
497 838 563 890 tristi
575 855 638 891 curn
651 839 730 892 eorde
743 838 852 908 volutat,
986 843 1034 894 185

184 906 352 975 Adspectans
363 907 459 961 silvam
472 908 641 977 immensam,
654 917 681 960 et
693 908 733 961 sic
745 908 812 960 forte
824 916 950 978 precatur

185 974 226 1028 ‘Si
238 991 309 1028 nunc
321 992 351 1028 se
363 975 440 1029 nobis
453 976 498 1028 ille
509 993 606 1028 aureus
616 978 709 1030 arbore
721 992 812 1031 ramus

183 1043 312 1097 Ostendat
324 1061 433 1097 nemore
447 1046 471 1097 in
485 1044 572 1098 tanto!
592 1046 699 1113 quando
710 1046 800 1098 omnia
811 1062 876 1098 vere

183 1113 242 1165 Heu
256 1113 369 1173 nimium
380 1115 415 1165 de
429 1123 455 1166 te
469 1123 549 1182 vates,
562 1114 677 1183 Misene,
691 1114 779 1168 locuta
790 1116 850 1166 est!
1055 1166 1058 1171 .

184 1182 236 1235 Vix
248 1200 281 1235 ea
293 1183 364 1235 fatus
375 1190 439 1251 erat,
452 1185 577 1251 geminae
590 1200 653 1236 curn
666 1184 732 1236 forte
744 1184 887 1238 columbae
986 1188 1034 1238 190

184 1252 246 1320 Ipsa
258 1252 308 1305 sub
319 1269 364 1305 ora
375 1252 424 1305 viri
437 1252 512 1306 coelo
525 1269 622 1304 venere
636 1253 739 1305 volante

186 1321 220 1374 Et
233 1321 308 1374 viridi
321 1321 415 1374 sedere
428 1322 491 1374 solo.
527 1321 596 1376 Tum
609 1322 744 1375 maximus
774 1338 833 1374 eros

184 1391 323 1443 Maternae
334 1391 452 1459 agnoscit
464 1408 536 1458 ares,
551 1391 691 1460 laetusque
703 1400 838 1459 precatur:

186 1459 268 1515 ‘Este
280 1459 372 1529 duces,
385 1477 408 1528 o,
422 1460 445 1513 si
477 1477 511 1512 ua
523 1459 567 1511 via
578 1468 626 1527 est,
640 1462 806 1529 cursumque
815 1476 862 1529 per
869 1475 954 1523 ,aurae

184 1527 295 1595 Dirigite
307 1528 334 1580 in
349 1528 429 1599 lucos,
443 1478 487 1582 uin
501 1530 629 1598 pinguem
641 1529 719 1581 dives
730 1542 825 1598 opacat
985 1532 1036 1583 195

183 1595 285 1650 Remus
297 1595 418 1650 humum.
455 1599 558 1666 Tuque,
571 1614 595 1665 o,
608 1597 698 1650 dubiis
711 1615 744 1650 ne
757 1598 845 1651 defice
856 1597 945 1667 rebus,

184 1665 252 1718 Diva
263 1667 377 1734 parens)
414 1666 457 1720 Sic
469 1667 568 1719 effatus
579 1667 690 1734 vestigia
702 1667 805 1736 pressit,

184 1734 342 1803 Observana,
373 1752 424 1787 uae
437 1736 514 1803 signa
526 1735 619 1804 ferant,
632 1753 685 1805 quo
697 1734 806 1788 tendere
818 1745 940 1806 pergant

184 1803 330 1877 Ppscentes
341 1751 403 1857 illae
416 1814 518 1858 tantum
532 1805 634 1874 prodire
646 1802 766 1873 rolando,

183 1873 319 1931 Quantum
332 1873 390 1927 acie
403 1884 510 1943 possent
522 1873 591 1926 oculi
605 1891 710 1926 serrare
723 1884 894 1942 sequentum.
985 1877 1039 1927 200

183 1941 250 1995 Inde
264 1943 308 1996 ubi
320 1959 417 1995 venere
429 1943 462 1996 ad
476 1943 569 1996 fauces
580 1943 756 2011 graveolentis
768 1943 876 2012 Averni,

184 2010 292 2064 Tollunt
304 2029 334 2064 se
346 2013 456 2082 celeres,
470 2012 654 2081 liquidumque
668 2029 714 2081 per
726 2017 788 2064 aera
801 2012 893 2081 lapsae
959 2051 963 2056 .

185 2078 299 2134 Sedibus
310 2082 406 2150 optatis
417 2082 527 2148 gemina
539 2098 619 2150 super
631 2081 723 2133 arbore
735 2081 833 2150 sidunt,

185 2149 304 2202 Discolor
316 2149 386 2207 unde
397 2151 453 2203 auri
467 2168 514 2219 per
525 2167 613 2205 ramos
625 2168 689 2202 aura
702 2149 812 2202 refulsit.

185 2218 271 2276 Quale
283 2218 349 2271 solet
362 2219 437 2272 silvis
450 2219 564 2272 brumali
576 2219 673 2287 frigore
686 2218 791 2271 viseum
987 2223 1040 2272 200

186 2286 290 2340 Fronde
302 2289 387 2340 virere
400 2305 475 2356 nova,
489 2288 559 2357 quod
572 2305 622 2340 non
637 2306 685 2341 sua
697 2289 811 2340 seminat
823 2286 910 2358 arbos,

186 2357 221 2410 Et
234 2374 327 2410 croceo
340 2356 395 2409 fetu
409 2358 500 2409 teretis
512 2357 678 2410 circumdare
691 2367 811 2409 truncos:

185 2425 259 2478 Talis
271 2435 326 2478 erat
338 2427 444 2494 species
455 2427 512 2478 auri
524 2426 671 2479 frondentis
683 2442 767 2495 opaca

186 2494 259 2563 llice,
273 2496 312 2547 sic
323 2494 376 2547 leni
389 2495 535 2564 crepitabat
548 2495 656 2548 bractea
667 2506 755 2547 vento.
1032 2554 1035 2559 ,

187 2564 297 2634 Corripit
309 2566 418 2617 Aeneas
429 2563 572 2635 extemplo,
585 2565 734 2634 aridusque
749 2562 866 2632 refringit
989 2568 1043 2617 210
1126 2598 1127 2603 =

987 2672 1044 2683 ——a

148 2729 199 2774 184.
215 2727 365 2795 Acciagitrtr.
397 2727 444 2775 See
455 2738 479 2775 at
489 2727 505 2775 i.
517 2731 568 2775 21⁰.
600 2726 1044 2782 Besides‚ithasherethaferceof

118 2785 159 2833 tlrc
172 2784 255 2832 Greek
266 2785 536 2834 mrddlavcica.-186.
554 2786 633 2835 Forte.
662 2786 754 2833 Others
764 2785 822 2834 read
832 2791 995 2837 noce—187.
1013 2787 1045 2836 Si
1126 2802 1127 2809 ¹

117 2846 232 2892 ostendet.
259 2844 388 2903 Aprayer.
420 2845 468 2892 See
478 2846 528 2894 viii.
538 2848 687 2893 560.·-188.
708 2844 818 2905 Quando,
832 2845 881 2892 dcc.
910 2845 989 2895 From
1001 2847 1044 2894 the

118 2902 213 2961 Sibyl’s
225 2903 290 2953 truth
302 2903 327 2950 in
338 2919 383 2950 one
395 2904 533 2962 particular,
548 2905 647 2951 Aeneas
659 2903 732 2951 infers
741 2903 784 2951 her
792 2904 860 2951 truth
872 2904 897 2952 in
905 2904 949 2952 the
960 2905 1043 2954 ether.
1126 2944 1127 2949 ,

27 2972 30 2980 ’
117 2964 207 3008 ..roa
224 2961 353 3009 Mctemor
364 2979 427 3010 ona.
460 2963 516 3010 The
528 2963 589 3011 dore
599 2977 650 3009 was
661 2963 745 3010 sacred
756 2973 782 3009 to
792 2963 830 3009 his
839 2963 937 3011 mother
946 2963 1044 3012 Venus.

118 3022 207 3067 -19'l.
224 3019 326 3067 Pressit.
359 3020 406 3068 See
417 3030 441 3068 at
454 3024 599 3069 lea-199.
618 3021 725 3068 Prodire.
758 3021 813 3068 The
825 3020 951 3069 historical
962 3021 1045 3070 infini·
1126 3042 1127 3045 ¹

118 3077 176 3122 tiva.
208 3076 255 3122 See
268 3077 365 3136 Zumpt.
378 3079 452 3129 0599.
485 3080 540 3127 The
557 3080 632 3127 dores
648 3079 793 3139 alternately
808 3079 865 3127 new
884 3080 933 3128 and
951 3081 1003 3136 fed,
1016 3094 1046 3127 so

118 3132 172 3196 that
183 3135 282 3199 Aeneas
301 3136 372 3183 could
389 3136 471 3205 follow
488 3138 552 3206 their
562 3142 820 3186 momenta—200,
839 3138 953 3188 Pesrent.
987 3139 1046 3188 Tlra

119 3189 367 3293 {urppuenpltirgeedmagks
378 3194 552 3299 the2pntentron
567 3196 845 3301 {rhedones—201..
861 3197 1045 3252 Gravaolenris,
1126 3246 1127 3287 3

120 3304 171 3339 tree
188 3298 234 3342 and
253 3301 294 3346 the
312 3254 1049 3375 goppepbrpnc-haoaothgpppphpsperpspppr}122}effi}
1126 3296 1127 3299 Ἴ

120 3356 388 3464 ᾒῐῗξέῐὲθὴῑῐὶιῑοθωεὲοὶηι
399 3365 428 3411 of
440 3368 480 3434 tire
492 3368 549 3428 gold
558 3385 591 3417 on
602 3371 643 3417 tire
654 3387 729 3438 green
740 3382 791 3420 trec
802 3382 828 3440 to
838 3372 880 3441 the
892 3387 1049 3432 appearance

335 3448 342 3469 2
379 3427 516 3476 parasrtroal
531 3427 598 3485 plant
610 3428 691 3478 whrcb
702 3430 800 3481 flewers
810 3446 836 3478 m
846 3440 944 3482 winter.
