2242 3826
506 124 599 168 arana
618 106 662 168 xi.
754 90 757 96 ’
976 106 1033 168 tot

122 300 128 307 .
186 250 352 308 Dardanium
363 255 483 324 Aenean,
497 271 681 324 generumque
693 252 837 308 adsciverit
849 252 919 308 urbi.

185 322 357 377 Praefodiunt
368 324 413 377 alii
426 334 520 392 portas,
533 331 579 376 aut
591 341 656 377 saxa
669 323 803 393 sudesque

185 391 358 447 subvectant.
394 393 468 447 Bello
480 393 525 445 dat
537 394 643 462 siguum
658 410 738 446 rauca
749 401 889 455 cruentum

184 460 312 515 Buceina.
348 463 417 516 Tum
432 480 522 517 muros
534 463 607 515 varia
619 464 727 515 cinxere
739 479 836 515 corona
982 463 1035 517 tut

184 529 325 584 Matronae
337 532 482 602 puerique5
501 540 579 585 vocat
591 531 664 584 labor
676 531 788 584 ultimus
800 530 896 584 omnis.

184 599 244 653 Nec
257 616 308 653 non
321 602 355 654 ad
369 602 499 672 templum
512 617 687 680 summasque
698 601 732 653 ad
738 600 863 655 Palladis
873 615 952 653 arces

185 668 346 722 subvehitur
357 684 455 738 magna
467 679 582 723 matrum
596 687 623 721 re
644 686 685 722 rna
697 681 812 738 caterva,

184 737 260 791 Dona
272 738 368 807 ferens,
379 738 509 809 juxtaque
521 756 613 792 comes
624 687 734 792 lavinia
745 739 826 810 virgo,

184 807 272 861 Causa
284 807 349 869 mali
361 809 434 876 tanti,
447 808 539 861 oculos
551 807 657 861 de‘ecta
669 807 787 862 decoros.
950 859 955 869 ,
981 809 1034 861 480

184 875 336 929 Succedunt
348 887 455 945 matres,
469 887 496 930 et
509 888 584 946 temp
595 895 641 931 um
653 885 711 930 ture
723 885 859 949 vaporant,

184 945 219 1000 Et
230 954 347 999 moestas
357 946 412 999 alto
424 946 539 1000 fundunt
551 946 585 998 de
598 946 691 1000 limine
704 964 800 1001 voces:

185 1015 379 1085 ‘Armipotens
392 1033 503 1087 praeses
515 1016 586 1085 belli,
600 1014 717 1069 Tritonia
728 1019 811 1086 virgo,

183 1082 288 1153 Frange
301 1101 384 1139 manu
396 1085 482 1138 telum
494 1085 602 1165 Phrygii
614 1084 762 1157 praedonis,
776 1097 803 1139 et
816 1082 905 1154 ipsum

182 1153 300 1207 Pronum
312 1163 400 1208 sterne
412 1155 476 1224 solo,
489 1165 623 1224 portisque
636 1153 746 1208 effunde
760 1154 810 1208 sub
822 1153 903 1206 altis)
981 1157 1032 1206 485

217 1222 337 1291 Cingitur
348 1223 405 1292 ipse
417 1225 510 1277 furens
521 1225 643 1277 certatim
656 1224 683 1276 in
696 1224 795 1294 proelia
806 1223 921 1277 Turnus.

181 1292 297 1361 Jamque
308 1290 376 1344 adeo
388 1292 515 1347 Rutulum
528 1292 637 1346 thoraca
648 1292 758 1346 indutus
768 1292 847 1347 aenis

182 1360 312 1414 Horrebat
325 1362 451 1431 squamis,
465 1380 594 1432 surasque
606 1362 750 1416 incluserat
761 1378 834 1431 auro,

182 1429 315 1499 Tempora
326 1431 414 1484 nudus
425 1429 521 1500 adhuc,
534 1430 663 1501 laterique
675 1430 829 1486 accinxerat
841 1444 944 1501 ensem,

183 1497 370 1568 Fulgebatque
382 1500 437 1552 alta
448 1501 593 1554 decurrens
603 1518 701 1555 aureus
712 1517 782 1568 aree,
980 1501 1033 1552 490

183 1568 359 1638 Exsultatque
371 1570 477 1640 animis,
492 1579 518 1623 et
531 1586 579 1639 spe
589 1569 647 1641 jam
659 1570 787 1641 praecipit
799 1568 920 1625 hostem:

182 1636 276 1695 Qualis
288 1638 332 1691 ubi
344 1638 464 1709 abruptis
475 1638 545 1708 fugit
556 1641 695 1710 praesepia
707 1640 801 1693 vinclis

182 1706 307 1761 Tandem
317 1707 386 1761 iiber
397 1725 490 1778 equus,
502 1724 651 1778 campoque
663 1709 762 1778 potitus
773 1717 865 1778 aperto

183 1779 238 1829 Aut
250 1775 296 1829 ille
309 1777 335 1829 in
349 1786 440 1849 pastus
451 1785 625 1848 armentaque
638 1778 723 1830 tendit
735 1793 874 1849 equarum,

107 1899 110 1907 ,
183 1847 239 1898 Aut
250 1856 374 1900 assuetus
385 1863 472 1916 aquae
483 1845 608 1916 perfundi
621 1847 732 1899 flumine
743 1855 806 1899 nuto
980 1847 1032 1900 495

183 1914 298 1979 Emicat,
311 1916 472 1986 arrectisque
485 1916 574 1968 fremit
586 1915 736 1969 cervicibus
747 1914 802 1969 alte

183 1984 339 2053 Luxuriam,
353 1985 500 2054 luduntque
510 1984 592 2055 jubae
604 2002 652 2054 per
663 1985 738 2055 eolla,
752 2001 800 2056 per
810 2001 908 2039 armes.

183 2053 269 2107 Obvia
280 2055 332 2123 cui,
344 2052 502 2108 Volscorum
513 2054 572 2106 acie
584 2054 737 2125 comitante,
751 2055 865 2109 Camilla

183 2123 311 2193 Occurrit,
324 2125 458 2193 portisque
470 2123 505 2175 ab
517 2140 587 2193 equo
599 2126 690 2192 regina
702 2124 753 2177 sub
765 2126 830 2194 ipsis

183 2190 306 2262 Desiluit,
320 2210 401 2263 quam
414 2201 469 2245 tota
480 2192 575 2246 cohors
587 2193 689 2246 imitata
701 2194 801 2246 relictis
981 2196 1032 2245 500

183 2259 226 2313 Ad
238 2268 337 2315 terram
348 2261 460 2316 defluxit
472 2261 556 2332 equis.
592 2262 663 2315 Tum
676 2262 739 2315 talia
750 2262 834 2315 fatur:

185 2329 298 2401 ‘Turue,
311 2332 351 2385 sui
363 2332 460 2385 merito
472 2331 495 2384 si
507 2348 561 2401 qua
572 2340 614 2385 est
625 2330 723 2384 fiducia
736 2330 803 2400 sorti,

183 2396 279 2452 Audeo
291 2408 318 2453 et
329 2400 490 2454 Aeneadum
502 2401 625 2471 promitto
637 2416 775 2453 occurrere
787 2408 900 2469 turmae,

183 2467 298 2538 Solaque
309 2468 462 2540 Tyrrhenos
473 2470 578 2540 equites
589 2470 627 2522 ire
639 2468 717 2522 obvia
728 2477 828 2521 contra.

183 2538 232 2592 Me
245 2538 302 2591 sine
314 2540 400 2608 prima
412 2556 494 2592 manu
506 2548 608 2592 tentare
620 2537 739 2609 pericula
749 2536 831 2605 belli3
979 2540 1031 2589 505

183 2607 226 2660 Tu
239 2607 323 2676 pedes
333 2608 368 2661 ad
381 2624 472 2663 muros
483 2607 607 2677 subsiste,
620 2615 648 2659 et
660 2606 768 2660 moenia
779 2604 875 2660 serva!

183 2677 289 2729 Turnus
300 2677 335 2730 ad
346 2676 422 2747 haec,
435 2677 526 2731 oeulos
538 2675 669 2730 horrenda
680 2675 708 2730 in
720 2677 822 2746 virgine
834 2676 921 2730 fixus:

185 2747 224 2800 ‘0
235 2745 320 2799 decus
332 2747 424 2801 ltaliae
436 2747 517 2816 virgo,
531 2762 599 2816 quas
610 2745 700 2799 dicere
709 2756 806 2816 grates,

183 2815 293 2874 Quaeve
305 2817 403 2869 referre
414 2814 528 2887 peremi
546 2815 594 2868 sed
606 2831 683 2884 nunc,
697 2823 738 2867 ast
749 2814 840 2869 omnia
850 2814 957 2884 quaudo

183 2885 239 2939 lste
250 2884 356 2940 animus
367 2903 454 2955 supra,
468 2898 577 2938 mecum
589 2885 687 2953 partire
698 2882 826 2937 laborem.
982 2885 1034 2935 ⁵10

183 2956 300 3024 Aeneas,
313 2964 342 3007 ut
354 2955 427 3008 lama
438 2955 523 3007 tidem
535 2953 664 3024 missique
675 2961 809 3020 reportant

185 3022 379 3092 Exploratores,
392 3023 515 3092 equitnm
527 3021 600 3075 levia
611 3020 748 3090 improbus
759 3037 835 3075 arma

184 3092 335 3162 Praemisit,
346 3101 487 3162 quaterent
499 3107 626 3161 campos3
644 3092 702 3160 ipse
714 3089 799 3143 ardua
809 3089 907 3143 montis

112 3232 146 3282 vi.
158 3234 310 3282 ast-475.
330 3231 431 3289 Corona,
442 3233 476 3281 ix.
485 3233 636 3281 aua-478.
653 3230 804 3279 Subseditur.
826 3227 874 3278 See
885 3227 935 3278 viii.
946 3231 1038 3277 665.-

111 3294 168 3342 480.
188 3288 272 3349 Tanti,
294 3292 315 3338 -i
331 3291 552 3340 aristiden—tea.
573 3289 692 3348 Tritonia,
702 3288 735 3338 ·ii.
753 3288 903 3338 tta-tas.
923 3286 1037 3350 Tempora

112 3352 206 3410 aedua
216 3350 412 3465 {qenaccusative
423 3350 451 3400 cl
458 3349 601 3459 limitationfi
613 3423 624 3460 Ι
