2320 3744
479 250 574 292 1111111
593 250 636 292 rv.
962 232 1020 299 m

162 378 285 434 Forsitan
296 386 331 448 et,
345 378 452 449 pinguis
463 378 553 433 hortos
564 392 634 449 quae
646 395 711 432 cura
722 377 828 433 colendi

162 452 280 518 Omaret,
293 466 428 518 canerem,
443 448 576 519 biferique
589 446 686 502 rosaria
699 450 796 519 Paesti,

79 575 81 580 ,
162 520 274 589 Quoque
287 520 366 573 modo
379 522 446 588 potis
460 520 609 587 gauderent
623 519 715 572 intuba
726 520 791 573 rivis
970 523 1019 574 12⁰

162 590 198 643 Et
209 590 310 642 virides
322 590 382 659 apio
396 589 475 658 ripae,
487 599 624 658 tortusque
637 606 684 657 per
696 588 809 642 herbam

133 724 138 731 .
162 660 302 713 Cresceret
315 660 341 711 in
354 668 478 712 ventrem
489 659 629 726 cucumis,
648 675 699 711 uec
711 674 771 710 sera
783 666 938 714 comantem

162 729 321 787 Narcissum
333 738 379 781 aut
391 729 455 782 flexi
467 729 612 781 tacuissem
620 728 714 781 vimen
726 728 843 798 acanthi,

162 798 346 869 Pallantisqua
358 797 473 851 hederas
485 808 512 851 et
523 798 641 850 amantis
653 797 729 851 litora
741 808 851 868 myrtos.

160 868 289 938 Namque
302 868 353 921 sub
364 868 491 922 Oebaliae
503 867 617 920 memini
628 885 674 920 me
686 868 804 921 turribus
815 869 886 939 altis,
969 875 1018 925 tao

161 938 221 997 Qua
233 939 311 1006 niger
324 937 461 991 humectat
473 937 600 991 flaventia
612 937 685 990 culta
697 937 837 1010 Galaesus,

162 1008 306 1078 Corycium
317 1007 420 1061 vidisse
432 1024 535 1075 senem,
549 1007 592 1059 cui
606 1024 694 1076 pauca
705 1007 790 1061 relicti

160 1078 262 1147 Jugera
275 1077 342 1130 ruris
354 1087 437 1146 erant,
450 1094 501 1130 nec
513 1076 608 1129 fertilis
619 1076 665 1129 illa
675 1077 806 1148 juvencis,
941 1100 943 1105 v

161 1146 222 1200 Nec
233 1147 325 1216 pecori
337 1156 485 1216 opportuna
497 1163 583 1217 seges,
597 1163 647 1199 neo
659 1148 802 1201 commoda
813 1148 930 1203 Baccho.

161 1216 213 1270 Hic
225 1233 315 1270 rarum
329 1227 419 1270 tamen
431 1218 458 1270 in
471 1217 561 1269 dumis
572 1215 632 1269 olus
642 1217 758 1286 albaque
770 1219 872 1272 circum
969 1223 1018 1274 130

162 1286 231 1339 Lilia
243 1287 428 1356 verbenasque
441 1302 567 1357 premens
580 1301 745 1356 vescumque
757 1303 883 1359 papaver,

161 1356 269 1425 Regum
280 1356 415 1425 aequabat
427 1373 494 1425 opes
504 1357 603 1424 auimo,
614 1372 728 1425 seraque
741 1366 879 1411 revertens

163 1426 251 1479 Nocte
262 1425 374 1479 domum
386 1425 503 1495 dapibus
515 1442 623 1479 mensas
635 1426 761 1479 onerabat
775 1427 913 1497 inemptis.

163 1495 269 1548 Primus
280 1512 345 1548 vere
358 1512 453 1565 1111111,
466 1504 548 1565 atque
560 1504 706 1548 auctumno
717 1512 827 1565 carpere
839 1514 928 1570 poma,

164 1564 273 1618 Etcum
287 1565 369 1618 tristis
381 1565 469 1618 11111111
481 1568 631 1618 etiamnum
644 1565 740 1633 frigore
752 1582 819 1619 sarra
969 1571 1019 1622 tao

162 1634 308 1704 Rumperet
321 1643 348 1687 et
360 1635 446 1703 glacie
459 1652 554 1688 cursus
565 1635 682 1688 frenaret
693 1651 834 1707 aquarum,

162 1703 212 1757 ille
223 1721 332 1757 comam
343 1705 431 1758 mollis
442 1703 498 1774 jam
511 1704 637 1758 tondebat
650 1703 795 1774 hyacinthi,

95 1782 99 1793 ‘
163 1775 305 1827 Aestatem
317 1774 479 1854 increpitans
491 1791 579 1828 seram
592 1773 777 1844 zephyrosque
790 1777 928 1831 morantis.

165 1843 234 1912 Ergo
246 1842 343 1913 apibus
356 1843 417 1897 letrs
429 1843 502 1898 idem
516 1854 598 1913 atque
610 1844 735 1898 examine
748 1845 833 1898 multo

164 1913 270 1966 Primus
281 1913 427 1982 abundare,
441 1923 467 1966 et
481 1916 633 1984 spumantia
646 1930 741 1982 cogere
754 1916 854 1984 pressis
969 1921 1019 1971 110

164 1981 250 2035 Mella
263 1983 332 2035 lavis
340 2000 348 2051 3
368 1983 406 2036 illi
419 1984 494 2037 tiliae
505 1994 589 2053 atque
601 1983 736 2037 uberrima
749 1986 827 2054 pinus
835 2002 843 2055 3

164 2052 288 2122 Quotque
301 2052 326 2105 111
340 2054 405 2106 flore
417 2069 485 2107 novo
498 2054 585 2122 pomis
597 2071 627 2106 se
639 2053 736 2106 fertilis
746 2055 828 2108 arbos

164 2121 298 2192 Induerat,
313 2123 425 2176 totidem
435 2133 565 2176 autumno
578 2134 683 2176 matura
696 2124 814 2178 tenebat.

164 2191 213 2244 lllc
226 2193 310 2244 etiam
321 2210 395 2246 serae
407 2194 433 2245 111
447 2210 556 2246 versum
567 2193 671 2246 distulit
683 2193 778 2261 ulmos,

165 2260 339 2330 Eduramque
352 2262 448 2332 pirum,
462 2273 515 2314 ets
536 2263 593 2314 ines
602 2262 659 2332 jam
671 2280 756 2332 pruna
770 2263 886 2334 serentis,
970 2269 1019 2320 145

164 2331 280 2400 Jamque
292 2332 488 2385 ministrantem
502 2279 638 2401 [1111111111
652 2333 805 2402 potantibus
818 2334 937 2387 umbras.

164 2400 265 2453 Verum
279 2400 347 2454 haec
361 2402 418 2471 ipse
430 2403 559 2471 equidem
572 2402 666 2470 spatiis
677 2403 804 2455 exclusus
816 2404 915 2472 iniquis

164 2469 316 2540 Praetereo,
329 2480 411 2540 atque
423 2472 484 2524 aliis
496 2480 554 2541 post
566 2488 611 2523 me
623 2473 799 2524 memoranda
811 2473 940 2542 relinquo.

197 2540 223 2592 N
226 2557 279 2592 unc
291 2558 350 2609 age,
364 2551 472 2594 naturas
483 2541 580 2610 apibus
591 2557 659 2609 quas
670 2542 792 2610 luppiter
805 2543 862 2611 ipse

164 2609 284 2678 Addidit,
297 2610 449 2680 expediam,
463 2627 509 2681 pro
522 2627 575 2679 qua
587 2611 722 2679 mercede,
735 2627 847 2664 canoros
972 2615 1020 2667 too

164 2680 292 2733 Curetum
306 2681 407 2733 sonitus
419 2680 630 2749 crepitantiaque
642 2684 705 2732 aera
717 2690 836 2752 secutae,

163 2750 276 2803 Dictaeo
288 2750 357 2802 caeli
368 2750 472 2819 Regem
484 2766 582 2820 pavere
595 2750 646 2802 sub
657 2759 741 2802 antro.

127 2836 129 2841 ·
163 2819 239 2872 Solae
252 2820 406 2873 communis
417 2828 500 2889 natos,
514 2819 645 2872 consortia
657 2827 729 2871 tecta

163 2889 243 2943 Urbis
255 2887 364 2957 habent,
377 2890 537 2958 magnisque
549 2888 650 2957 agitant
663 2888 715 2942 sub
727 2888 832 2957 legibus
843 2906 950 2960 aarum,

164 2959 197 3012 Et
210 2957 325 3029 patriam
338 2958 412 3010 solae
424 2968 451 3011 et
464 2969 551 3011 certos
563 2975 661 3011 novere
674 2959 780 3028 penatis
787 2975 795 3027 ;
842 2984 845 2989 ·
972 2965 1019 3014 1⁵5

163 3025 354 3097 venturaeque
368 3029 466 3081 hiemis
477 3045 613 3081 memores
624 3037 728 3081 aestate
739 3027 860 3081 laborem

163 3098 351 3168 Experiuntur,
366 3106 393 3150 et
405 3099 433 3151 iu
445 3097 567 3151 medium
580 3098 703 3166 quaesita
715 3108 855 3166 reponunt.

163 3167 289 3237 Namque
301 3166 372 3220 aliae
384 3168 457 3220 victu
472 3166 611 3234 invigilant
623 3175 651 3219 et
663 3166 772 3219 loedere
785 3176 862 3236 pacto

46 3268 48 3293 r
125 3300 129 3305 .
164 3237 331 3290 Exercentur
341 3239 428 3306 agris,
446 3254 508 3307 pars
521 3237 589 3289 intra
601 3244 678 3305 septa
689 3235 829 3289 domorum

46 3326 48 3361 r
107 3327 271 3347 ·—---

47 3364 49 3399 μ
130 3388 235 3435 lto-tta.
253 3387 279 3435 A
295 3387 444 3446 description
460 3386 489 3434 of
500 3385 602 3447 ground,
621 3385 752 3434 otherwise
768 3385 873 3443 useless,
891 3383 1019 3451 profitable

105 3455 128 3489 a·
144 3461 159 3492 a
218 3446 319 3495 dem-
331 3449 445 3496 119-157.
463 3446 520 3494 'l'he
536 3445 643 3505 peculiar
664 3455 750 3492 nature
766 3444 795 3492 01
811 3445 871 3492 bees
891 3441 1018 3493 desonbcd

106 3505 391 3566 111111111-158-178.
409 3505 488 3555 Their
498 3505 621 3555 cesseless
632 3503 680 3553 and
690 3503 774 3553 varied
784 3501 974 3563 employmeuts.

201 3570 233 3620 10
