2320 3744
78 165 120 225 02
448 180 636 223 caoaeroon.

88 344 92 349 »
148 308 217 364 Rara
228 307 263 362 sit
273 324 309 362 au
321 325 402 380 supra
412 325 517 365 morem
528 308 551 362 si
563 308 650 363 densa
661 308 816 379 requiras-

147 379 241 433 Altera
252 379 393 434 frumentIs
404 379 531 449 quoniam
542 377 624 448 iavet,
636 378 721 436 altera
734 377 848 446 Baccho,

147 447 239 503 Densa
250 448 337 516 magis
349 448 446 519 Cereri,
460 448 594 503 rarissima
605 448 676 518 quae‘
695 465 730 501 ue
742 448 869 517 Lyaeo-

145 519 218 572 Ante
231 518 320 572 locum
331 518 423 587 capies
434 518 525 586 oculis,
538 517 647 586 alteque
657 516 686 587 ju
725 519 766 573 bis
868 518 871 525 ’
949 523 1004 573 230

146 586 177 640 In
189 587 273 641 solido
284 597 397 657 puteum
408 587 523 655 demitti,
536 603 699 656 omnemque
712 604 826 657 repones

146 657 248 711 Rursus
259 655 382 727 humum,
394 666 423 710 et
434 657 549 726 pedibus
560 672 683 709 summes
692 657 823 727 aequabis
834 674 939 713 aretas.

146 726 174 779 si
185 725 306 797 deerunt,
319 743 407 780 rarum
420 725 564 796 pecorique
576 733 603 777 et
615 724 715 778 ritibus
726 726 807 779 almis

145 796 251 865 Aptius,
265 796 332 849 uber
343 795 392 848 erit
399 812 408 875 ᾗ
426 795 468 849 sin
481 795 508 849 in
519 811 570 847 sua
581 810 659 863 posse
670 794 808 862 negabunt

147 863 188 917 Ire
200 865 266 935 loca,
278 873 308 917 et
319 864 457 919 scrobibus
468 863 606 933 superabit
618 871 687 917 terra
699 864 816 934 repletis,
947 869 1002 920 23⁵

146 933 254 1002 Spissus
266 950 331 1002 ager
337 949 345 1002 3
363 933 458 1001 glebas
469 932 621 987 cunctantis
632 949 776 1002 cursuque
789 943 865 1003 terga

93 1032 95 1037 ·
146 1003 289 1074 Exspecta,
303 1011 331 1054 et
342 1003 440 1056 validis
452 1012 548 1057 terram
561 1001 702 1072 proscinde
713 1001 846 1070 juvencis.

135 1069 222 1125 'Salsa
232 1086 324 1125 autern
337 1072 417 1126 tellus
428 1081 455 1125 et
467 1088 538 1142 quae
550 1070 705 1140 perhibetur
715 1088 816 1143 amara,

146 1142 280 1209 Frugibus
292 1141 452 1196 infelix-ea
467 1158 518 1195 uec
528 1141 694 1195 mansuescit
705 1141 812 1210 arando,

146 1212 207 1265 Neo
218 1210 324 1264 Baccho
334 1228 428 1280 genus,
441 1219 488 1264 aut
500 1210 588 1279 pomis
599 1227 648 1263 sua
660 1211 768 1264 nomina
780 1220 905 1265 serrat-
947 1217 1004 1267 24⁰

147 1280 214 1333 Tala
226 1280 301 1334 dabit
312 1298 326 1332 s
345 1281 468 1334 ecimen:
488 1289 517 1333 tu
530 1280 616 1349 spisso
628 1280 729 1333 vimine
741 1281 837 1350 qualos

147 1350 265 1420 Colaque
277 1299 411 1419 preibrum
422 1348 537 1403 fumosis
548 1350 641 1418 deripe
653 1350 733 1403 tectis
740 1366 748 1418 3

147 1420 208 1473 Huc
219 1437 283 1488 ager
296 1419 340 1472 illc
353 1419 449 1488 malus,
462 1418 611 1488 dulcesque
622 1436 641 1472 a
652 1417 770 1473 lontibus
781 1418 871 1474 undae

149 1487 190 1542 Ad
204 1488 315 1567 plenum
326 1489 477 1542 calcentur:
495 1504 567 1557 aqua
577 1488 740 1542 eluctabitur
751 1489 840 1543 omnis

148 1557 265 1627 Scilicet,
278 1569 306 1610 et
317 1558 433 1624 grandes
444 1558 520 1611 ibunt
532 1575 580 1627 per
592 1558 693 1611 vimina
703 1566 813 1629 guttae,
947 1563 1003 1613 24⁵

147 1629 183 1681 At
195 1643 273 1696 sapor
285 1625 416 1681 indicium
427 1627 517 1696 saciet,
530 1627 689 1681 manifestus
701 1636 727 1681 et
739 1645 787 1681 ora

147 1696 246 1749 Tristia
258 1704 389 1750 tentatum
402 1713 483 1750 sensu
495 1697 628 1766 torquebit
640 1714 754 1750 amaror.

148 1766 260 1834 Pinguis
272 1765 337 1818 item
349 1783 419 1835 quae
432 1768 465 1820 sit
478 1765 566 1836 tellus,
579 1765 630 1819 boc
642 1766 759 1836 denique
771 1775 852 1835 paeto

148 1835 297 1889 Discimus:
317 1835 388 1888 haud
401 1852 531 1905 umquam
545 1835 671 1889 manibus
680 1834 781 1905 jactata
792 1836 903 1906 fatiscit,

148 1903 201 1958 Sed
213 1904 282 1974 picis
293 1904 320 1957 in
333 1903 480 1958 moremad
493 1903 591 1972 digitos
602 1904 727 1959 lentescit
739 1904 873 1959 habendo.
951 1910 1005 1960 2⁵⁰
1075 1930 1078 1931 ⁷

148 1973 267 2027 Humida
280 1972 334 2027 rua'
352 1991 395 2027 res
407 1973 505 2027 herbas
515 1973 579 2042 alit,
597 1973 710 2096 ipsaque
721 1973 793 2042 justo

149 2044 263 2096 Laetior.
299 2045 324 2096 A
356 2043 469 2097 nimium
480 2060 515 2096 ue
527 2043 562 2096 sit
573 2044 611 2097 mi
632 2043 640 2094 i
653 2042 749 2097 lertilis
760 2043 815 2115 illa,

149 2113 211 2166 Neu
224 2130 253 2164 se
265 2112 449 2183 praeualidam
460 2111 554 2182 primis
564 2112 688 2167 ostendat
699 2113 803 2168 aristis!

149 2182 226 2239 Quae
237 2182 326 2250 gravis
338 2192 387 2251 est,
401 2183 458 2252 ipso
472 2183 581 2235 tacitam
592 2199 622 2235 se
634 2182 751 2251 pondere
764 2183 849 2253 prodit

150 2250 280 2320 Quaeque
304 2250 380 2304 levis.
424 2253 581 2322 Promptum
603 2261 645 2305 est
667 2252 754 2306 oculis
772 2220 942 2323 praediscere
953 2251 1008 2377 21ὲὲ-

240 2336 293 2373 ram

93 2420 101 2427 ι
152 2389 187 2443 Et
218 2338 407 2443 ffisedicolor.
443 2392 478 2444 Ar
491 2389 651 2457 sceleratum
664 2391 803 2460 exquirere
816 2389 901 2460 frigus

151 2459 183 2513 Di
216 2459 268 2513 cile
282 2467 323 2512 est
329 2476 338 2528 3
355 2460 449 2529 piceae
461 2468 564 2513 tanturn
576 2461 685 2530 taxique
696 2469 826 2514 nocentes

151 2527 298 2597 Interdum,
309 2537 358 2582 aut
371 2527 486 2582 hederae
498 2528 618 2598 pandunt
630 2529 745 2598 vestigia
755 2529 858 2598 nurse.

186 2598 235 2651 His
245 2598 447 2667 animadversis,
460 2605 557 2651 terram
570 2598 654 2651 multo
665 2608 728 2653 ante
741 2609 878 2653 memento

152 2666 318 2737 Excoquere,
331 2676 359 2720 et
370 2683 482 2736 magnos
493 2667 633 2721 scrobibus
643 2668 786 2722 concidere
797 2669 905 2741 montis,
953 2672 1009 2724 260

138 2796 140 2803 Ι
153 2737 224 2788 Ante
235 2735 374 2805 supinatas
385 2736 510 2805 Aquiloni
521 2737 662 2790 ostendere
673 2737 769 2807 glebas

153 2805 243 2863 Quam
254 2804 355 2857 laetum
369 2805 482 2859 infodias
494 2806 557 2859 vitis
567 2823 663 2874 genus.
698 2807 807 2876 Optima
817 2807 888 2876 putri

153 2877 226 2928 Arva
238 2874 308 2943 solo;
326 2874 354 2927 id
366 2875 440 2928 venti
452 2885 545 2929 curant
557 2875 718 2945 gelidaeque
731 2875 852 2946 pruinae,

154 2945 189 2998 Et
201 2943 334 2998 labefacta
345 2960 458 2997 movens
470 2944 593 2998 robustus
600 2944 695 3025 jugera
706 2944 800 2999 fossor.

153 3016 190 3067 At
203 3014 226 3067 si
238 3031 306 3082 quos
318 3011 391 3066 haud
402 3013 459 3066 ulla
470 3013 542 3067 viros
554 3014 692 3082 vigilantia
702 3014 779 3084 sugit,
955 3020 1010 3070 285

154 3085 225 3137 Ante
237 3082 326 3136 locum
339 3082 457 3137 similem
469 3083 620 3152 exquirunt,
633 3083 679 3138 ubi
692 3084 778 3153 prima
789 3092 897 3154 paretur

154 3151 302 3205 Arboribus
313 3168 398 3221 seges,
412 3161 439 3205 et
451 3169 504 3221 quo
516 3170 580 3206 mox
591 3152 695 3222 digesta
708 3153 815 3223 feratur,

156 3221 291 3274 Mutatam
305 3221 424 3288 ignorent
436 3222 523 3276 subito
535 3240 570 3275 ne
583 3223 688 3276 semina
700 3233 824 3277 matrem.

116 3350 231 3396 259-264.
248 3346 385 3396 Directions
400 3364 426 3396 re
445 3349 529 3410 srding
544 3350 586 3398 the
605 3350 717 3413 plantiug
732 3350 760 3400 ot
777 3351 862 3409 vines3
879 3366 908 3401 as
923 3360 951 3402 to
965 3351 1014 3403 the

88 3406 241 3467 preparation
250 3405 279 3454 os
286 3405 328 3454 the
338 3421 416 3467 grouu
434 3411 598 3458 emb-272.
615 3411 655 3459 As
665 3419 692 3460 to
702 3410 745 3460 the
756 3411 875 3474 cuttings.
