2308 3780
492 270 586 312 arana
605 228 643 312 ns
969 252 1025 315 676

208 400 291 455 ‘Turn
304 414 368 456 vere
379 416 461 455 omne
471 399 539 453 mihi
550 399 640 454 visum
652 399 791 454 considere
803 400 829 457 in
842 401 913 472 ignis

170 471 250 525 flium
263 481 290 524 et
302 488 337 525 ex
349 471 403 525 ime
415 471 482 524 verti
493 471 631 539 Neptunia
643 469 722 539 Treja
729 487 737 539 ;
973 474 1025 525 626

169 543 211 594 Ac
224 541 307 594 veluti
320 541 434 594 summis
445 543 500 592 enti
520 556 583 593 uem
597 540 622 591 in
637 540 772 593 mentibus
784 544 884 594 ernum'

169 611 238 663 Cum
249 608 448 685 senonensem
461 557 614 677 erehrisque
627 608 787 678 bipennibus
799 611 898 664 instant

170 679 271 732 Eruere
284 679 415 748 agricolae
427 661 566 746 certatiml
584 678 630 730 illa
641 695 727 748 usque
740 681 856 733 minatur

170 749 205 802 Et
218 750 376 802 tremefacta
387 765 495 801 comam
506 763 636 800 concesse
647 749 748 800 vertice
761 757 850 820 nutet‚·

169 816 330 872 'Vulneribus
341 818 427 871 denec
440 806 568 888 paulatim
581 817 668 868 evicta
680 834 838 886 supremum
974 821 1024 871 636

169 887 334 958 congemuit,
349 888 480 958 traxitque
491 886 564 956 jugie
575 886 669 939 avulsa
681 889 798 947 ruinam,

169 956 317 1026 Descende,
330 974 363 1009 ac
374 957 490 1010 ducente
503 956 554 1007 deo
566 956 705 1008 flammam
717 956 786 1009 inter
797 964 825 1009 et
836 955 921 1010 hostis

169 1026 317 1096 Expedier3
333 1026 397 1078 dent
410 1027 463 1079 tela
475 1025 572 1092 lecum,
587 1025 768 1094 flammaeque
781 1026 918 1079 recedunt.
934 1020 945 1049 ¹

204 1096 309 1164 ‘Atque
321 1094 434 1165 nbilam
446 1095 548 1166 patriae
560 1103 719 1164 perventum
731 1095 766 1148 ad
778 1095 871 1148 limina
882 1048 955 1149 sedis

168 1164 233 1218 Anti
252 1181 353 1234 easque
366 1166 466 1234 demes,
480 1164 591 1232 genitor,
604 1179 686 1232 quem
699 1164 790 1216 tollere
803 1165 830 1217 in
841 1165 910 1218 altos
972 1167 1023 1218 636

62 1293 67 1303 ,
168 1234 191 1287 Ο
210 1182 302 1286 tedium
313 1233 541 1303 primummentis
552 1233 724 1302 primumque
736 1233 871 1304 petebam,

167 1251 293 1371 Ahnegat
305 1304 396 1356 excisa
409 1305 491 1355 vitam
523 1302 650 1354 reducere
662 1301 741 1371 Treja

168 1371 355 1441 Exsiliumque
368 1372 431 1441 pati.
469 1373 485 1404 ‘¹
516 1388 546 1423 es
558 1387 581 1441 e,
595 1371 693 1440 quibus
705 1372 811 1440 integer
821 1371 884 1424 aevi

169 1441 309 1512 Sanguis‚’²
323 1442 367 1509 ait,
384 1441 563 1510 “solidaeque
576 1458 624 1493 sue
636 1449 707 1494 stant
720 1440 813 1494 robore
825 1441 904 1512 vires,

168 1511 334 1579 Vesegitate
348 1510 449 1580 fugem.
495 1518 497 1522 “
972 1513 1023 1564 646

167 1579 216 1635 Me
229 1581 252 1633 si
263 1580 409 1633 coelicolae
421 1579 567 1633 veluissent
578 1578 678 1632 ducere
689 1580 783 1650 vitam,

169 1648 223 1702 Has
235 1649 301 1703 mihi
314 1660 466 1711 servassent
478 1648 566 1702 sedes.
603 1648 672 1701 Satis
684 1665 737 1701 une
750 1665 884 1719 superque

168 1718 291 1771 Vidimus
302 1719 409 1772 excidia
421 1727 448 1771 et
459 1726 555 1787 captae
567 1718 754 1787 superavimus
765 1718 832 1772 urbi.

168 1787 212 1841 Sic
223 1805 239 1840 e
252 1788 298 1859 sie,
312 1790 428 1858 pesitum
440 1788 515 1840 effati
528 1787 660 1840 discedite
675 1804 779 1858 cerpus.

168 1857 230 1926 Ipse
242 1874 324 1910 manu
336 1867 452 1911 mertem
464 1857 615 1925 inveniem3
633 1857 801 1909 miserebitur
813 1855 896 1909 hostis
973 1859 1025 1910 645

168 1927 342 1996 Exuviesque
354 1934 436 2006 petet.
473 1926 570 1979 Facilis
581 1925 685 1995 jactura
697 1925 841 1995 sepulchri.

168 1995 346 2066 iampridem
358 1995 461 2048 invisus
472 1995 543 2048 divis
555 2003 582 2047 et
595 1995 698 2048 inutilis
709 2011 794 2047 annes

169 2065 305 2136 Demerer,
318 2081 353 2118 ex
364 2081 417 2135 que
428 2081 474 2118 me
486 2065 577 2117 divom
589 2071 666 2134 pater
676 2073 757 2133 atque
770 2063 909 2117 hominem
922 2076 969 2117 rex
1067 2119 1071 2125 ,
1137 2031 1145 2095 3

168 2133 301 2188 Fulminis
312 2134 423 2188 adflavit
434 2134 523 2187 ventis
535 2142 563 2187 et
574 2133 684 2202 contigit
696 2133 779 2202 igni.⁷'

204 2204 297 2258 ‘Talia
308 2203 444 2274 perstabat
455 2220 616 2273 memorans,
630 2203 752 2272 fixusque
765 2201 900 2256 manebat.
972 2205 1024 2255 656

167 2273 226 2327 Nes
236 2282 328 2327 centra
339 2273 421 2326 effusi
433 2273 558 2344 lacrimis,
571 2272 741 2342 conjunxque
753 2273 857 2324 Credsa
940 2276 943 2281 '

126 2430 181 2478 tm.
198 2428 273 2486 Mitt,
291 2444 306 2476 a
321 2431 467 2477 nie-625.
483 2427 617 2497 ngtuns'a.
649 2427 767 2486 Neptune
787 2427 843 2483 (and
859 2427 959 2486 Apollo)
975 2427 1024 2477 had

94 2488 161 2538 built
168 2487 344 2547 Troy.-626.
359 2486 449 2544 Veluti,
461 2488 537 2594 'freda
545 2487 592 2535 ruit
602 2488 685 2543 soluti,
695 2486 843 2536 dee—627.
855 2487 972 2541 Aeonem,
980 2496 1023 2534 net
1095 2486 1113 2503 ‘
1138 2493 1146 2543 ζ

93 2556 139 2596 cut
156 2546 271 2608 through,
284 2549 328 2594 but
341 2546 465 2653 gartially.
520 2548 603 2601 rebec,
615 2546 761 2614 expressing
772 2545 839 2593 blow
849 2544 916 2592 close
927 2545 1022 2593 follow·

95 2606 139 2667 ing
149 2606 224 2655 blow.
233 2610 323 2654 -630,
361 2624 377 2653 o
395 2623 490 2661 remum,
502 2605 564 2654 used
580 2604 738 2664 adverbially.
747 2607 837 2651 -632,
854 2603 976 2652 Descende
991 2619 1023 2653 ex

95 2681 161 2714 arce.
193 2665 252 2722 Deo,
263 2624 413 2727 generieafly
423 2681 438 2712 a
448 2666 497 2713 deit
518 2664 639 2722 ,without
654 2663 778 2732 reference
794 2673 820 2710 te
836 2678 889 2718 sex,
902 2679 929 2711 as
945 2662 1022 2713 invii.

94 2728 151 2774 498.
158 2727 252 2772 -638,
268 2725 332 2774 Aeci
341 2724 377 2792 fer
386 2740 455 2781 aevo,
468 2680 575 2772 adreel<
586 2733 760 2772 construction.
778 2723 826 2770 See
836 2722 935 2783 Zumpt,
946 2722 1022 2774 6437.

93 2786 189 2832 -646
210 2783 283 2840 Une;
302 2800 333 2832 an
345 2794 455 2831 instance
471 2783 499 2830 ef
511 2783 553 2830 the
569 2783 647 2842 plural
663 2782 691 2830 of
703 2797 774 2832 unus.
806 2782 931 2830 Anchises
947 2781 1023 2831 refers

94 2854 123 2893 to
133 2843 177 2891 the
189 2843 302 2903 previous
313 2852 413 2902 capture
428 2842 457 2890 ef
469 2842 538 2902 Troy
548 2843 581 2901 by
593 2841 721 2890 Hercules.
729 2843 821 2889 -643,
838 2841 1019 2903 Supenoimus,

95 2902 190 2963 having
205 2902 247 2950 the
263 2902 328 2951 force
344 2902 392 2950 and
408 2903 450 2950 the
466 2901 671 2953 constructiones
683 2900 847 2960 superfulmus
862 2901 955 2948 urbi·-
969 2903 1023 2949 644.

94 2961 147 3011 For
156 2961 200 3009 the
212 2977 256 3010 use
267 2961 295 3009 of
301 2961 393 3021 perfect
404 2960 553 3021 participles,
565 2975 608 3008 see
617 2960 632 3008 i.
642 2963 695 3007 680.
727 2958 784 3007 The
794 2958 928 3007 resolution
939 2959 967 3006 ef
973 2959 1024 3017 this

94 3031 215 3071 sentence
231 3021 313 3069 would
329 3023 369 3077 be,
399 3021 465 3068 enite
481 3028 506 3067 et
522 3019 645 3075 adsummi,
663 3017 720 3066 dein
735 3018 863 3066 discedite.
894 3018 979 3078 Affati,
998 3019 1022 3066 in

95 3080 204 3130 allusion
214 3089 241 3128 te
251 3080 293 3128 the
309 3080 357 3128 last
383 3079 490 3127 arewell.
522 3079 570 3127 See
581 3079 597 3126 i.
609 3081 663 3126 219.
694 3077 744 3133 Sr'c,
757 3076 862 3124 without
878 3074 971 3124 further
987 3077 1022 3125 in·

94 3134 1024 3248 diffitebatur?hihihd⁰1ttti1²2l⁰⁰l⁸³ht''luti‘zt‘l

94 3209 1025 3365 eam{irruentumirridebiturra

94 3354 214 3425 tembssa
224 3376 274 3425 fate
290 3379 368 3425 above
385 3333 423 3423 af
433 3351 516 3423 others
533 3330 637 3442 drgaded
654 3328 736 3431 bythge
752 3370 870 3439 ancients.
880 3371 968 3416 -649.
984 3366 1023 3413 He

94 3435 144 3485 had
155 3438 219 3485 been
230 3436 317 3484 struck
328 3437 361 3496 by
370 3451 385 3482 a
395 3435 459 3484 flash
469 3434 497 3483 ef
505 3433 627 3495 lightning
637 3430 674 3478 fer
684 3429 809 3490 reveeling
817 3428 869 3477 that
877 3427 962 3474 Venus
971 3434 1023 3471 vves

94 3495 138 3546 the
149 3496 247 3546 mother
257 3495 286 3545 of
294 3497 402 3545 Aeneas.

202 3574 233 3624 16
243 3572 261 3608 'l
