<?xml version="1.0" encoding="UTF-8"?>
<!DOCTYPE html PUBLIC "-//W3C//DTD XHTML 1.0 Transitional//EN"
    "http://www.w3.org/TR/xhtml1/DTD/xhtml1-transitional.dtd">
<html xmlns="http://www.w3.org/1999/xhtml" xml:lang="en" lang="en">
 <head>
  <title>
</title>
<meta http-equiv="Content-Type" content="text/html;charset=utf-8" />
  <meta name='ocr-system' content='tesseract 3.04.00' />
  <meta name='ocr-capabilities' content='ocr_page ocr_carea ocr_par ocr_line ocrx_word'/>
</head>
<body>
  <div class='ocr_page' id='page_1' title='image "./carmina01virggoog_0082.png"; bbox 0 0 2288 3732; ppageno 0'>
   <div class='ocr_carea' id='block_1_1' title="bbox 16 0 979 2">
    <p class='ocr_par' dir='ltr' id='par_1_1' title="bbox 16 0 979 2">
     <span class='ocr_line' id='line_1_1' title="bbox 16 0 979 2; baseline 0 0"><span class='ocrx_word' id='word_1_1' title='bbox 16 0 979 2; x_wconf 95' lang='lat' dir='ltr'> </span> 
     </span>
    </p>
   </div>
   <div class='ocr_carea' id='block_1_2' title="bbox 424 238 1054 305">
    <p class='ocr_par' dir='ltr' id='par_1_2' title="bbox 424 238 1054 305">
     <span class='ocr_line' id='line_1_2' title="bbox 424 238 1054 305; baseline -0.01 -9"><span class='ocrx_word' id='word_1_2' title='bbox 424 250 433 257; x_wconf 85' lang='grc'>·</span> <span class='ocrx_word' id='word_1_3' title='bbox 528 254 622 295; x_wconf 77' lang='lat' dir='ltr'>ursan</span> <span class='ocrx_word' id='word_1_4' title='bbox 641 255 662 296; x_wconf 85' lang='lat' dir='ltr'>r.</span> <span class='ocrx_word' id='word_1_5' title='bbox 1013 238 1054 305; x_wconf 67' lang='grc' dir='ltr'><strong><em>ω</em></strong></span> 
     </span>
    </p>
   </div>
   <div class='ocr_carea' id='block_1_3' title="bbox 201 381 1055 454">
    <p class='ocr_par' dir='ltr' id='par_1_3' title="bbox 201 381 1055 454">
     <span class='ocr_line' id='line_1_3' title="bbox 201 381 1055 454; baseline 0.004 -18"><span class='ocrx_word' id='word_1_6' title='bbox 201 383 410 454; x_wconf 76' lang='lat' dir='ltr'><strong>Haedorumque</strong></span> <span class='ocrx_word' id='word_1_7' title='bbox 421 381 481 435; x_wconf 89' lang='lat' dir='ltr'>dies</span> <span class='ocrx_word' id='word_1_8' title='bbox 490 383 614 437; x_wconf 83' lang='lat' dir='ltr'>servandi</span> <span class='ocrx_word' id='word_1_9' title='bbox 627 392 655 436; x_wconf 85' lang='lat' dir='ltr'>et</span> <span class='ocrx_word' id='word_1_10' title='bbox 666 381 773 436; x_wconf 85' lang='lat' dir='ltr'>lucidus</span> <span class='ocrx_word' id='word_1_11' title='bbox 784 383 897 453; x_wconf 74' lang='lat' dir='ltr'>Anguis,</span> <span class='ocrx_word' id='word_1_12' title='bbox 1004 387 1055 440; x_wconf 64' lang='lat'>205</span> 
     </span>
    </p>
   </div>
   <div class='ocr_carea' id='block_1_4' title="bbox 198 450 1110 3366">
    <p class='ocr_par' dir='ltr' id='par_1_4' title="bbox 200 450 974 522">
     <span class='ocr_line' id='line_1_4' title="bbox 200 450 974 522; baseline 0.001 -15"><span class='ocrx_word' id='word_1_13' title='bbox 200 453 289 512; x_wconf 83' lang='lat' dir='ltr'>Quam</span> <span class='ocrx_word' id='word_1_14' title='bbox 301 453 401 522; x_wconf 87' lang='lat' dir='ltr'>quibas</span> <span class='ocrx_word' id='word_1_15' title='bbox 413 452 440 505; x_wconf 90' lang='lat' dir='ltr'>in</span> <span class='ocrx_word' id='word_1_16' title='bbox 451 452 562 520; x_wconf 87' lang='lat' dir='ltr'>patriam</span> <span class='ocrx_word' id='word_1_17' title='bbox 576 462 687 507; x_wconf 86' lang='lat' dir='ltr'>ventose</span> <span class='ocrx_word' id='word_1_18' title='bbox 698 468 747 521; x_wconf 89' lang='lat' dir='ltr'>per</span> <span class='ocrx_word' id='word_1_19' title='bbox 757 469 876 522; x_wconf 86' lang='lat' dir='ltr'>aequora</span> <span class='ocrx_word' id='word_1_20' title='bbox 887 450 974 508; x_wconf 76' lang='lat' dir='ltr'>vestis</span> 
     </span>
    </p>

    <p class='ocr_par' dir='ltr' id='par_1_5' title="bbox 201 520 827 592">
     <span class='ocr_line' id='line_1_5' title="bbox 201 520 827 592; baseline -0.002 -16"><span class='ocrx_word' id='word_1_21' title='bbox 201 523 302 576; x_wconf 79' lang='lat' dir='ltr'>Pontus</span> <span class='ocrx_word' id='word_1_22' title='bbox 313 536 340 574; x_wconf 85' lang='lat' dir='ltr'>et</span> <span class='ocrx_word' id='word_1_23' title='bbox 353 520 464 574; x_wconf 77' lang='lat' dir='ltr'>ostriferi</span> <span class='ocrx_word' id='word_1_24' title='bbox 477 521 571 575; x_wconf 83' lang='lat' dir='ltr'>lauces</span> <span class='ocrx_word' id='word_1_25' title='bbox 583 530 716 576; x_wconf 82' lang='lat' dir='ltr'>tentantur</span> <span class='ocrx_word' id='word_1_26' title='bbox 727 521 827 592; x_wconf 80' lang='lat' dir='ltr'>Abydi.</span> 
     </span>
    </p>

    <p class='ocr_par' dir='ltr' id='par_1_6' title="bbox 201 590 844 662">
     <span class='ocr_line' id='line_1_6' title="bbox 201 590 844 662; baseline 0 -18"><span class='ocrx_word' id='word_1_27' title='bbox 201 592 281 645; x_wconf 84' lang='lat' dir='ltr'>Libra</span> <span class='ocrx_word' id='word_1_28' title='bbox 292 592 339 644; x_wconf 90' lang='lat' dir='ltr'>die</span> <span class='ocrx_word' id='word_1_29' title='bbox 351 592 491 660; x_wconf 78' lang='lat' dir='ltr'>somnique</span> <span class='ocrx_word' id='word_1_30' title='bbox 503 608 581 660; x_wconf 89' lang='lat' dir='ltr'>pares</span> <span class='ocrx_word' id='word_1_31' title='bbox 594 592 639 646; x_wconf 90' lang='lat' dir='ltr'>ubi</span> <span class='ocrx_word' id='word_1_32' title='bbox 652 591 747 645; x_wconf 86' lang='lat' dir='ltr'>lecerit</span> <span class='ocrx_word' id='word_1_33' title='bbox 758 590 844 662; x_wconf 86' lang='lat' dir='ltr'>boras,</span> 
     </span>
    </p>

    <p class='ocr_par' dir='ltr' id='par_1_7' title="bbox 202 660 941 733">
     <span class='ocr_line' id='line_1_7' title="bbox 202 660 941 733; baseline 0.001 -18"><span class='ocrx_word' id='word_1_34' title='bbox 202 661 236 715; x_wconf 81' lang='lat' dir='ltr'>Iit</span> <span class='ocrx_word' id='word_1_35' title='bbox 249 661 371 714; x_wconf 86' lang='lat' dir='ltr'>mediam</span> <span class='ocrx_word' id='word_1_36' title='bbox 385 660 438 713; x_wconf 89' lang='lat' dir='ltr'>luei</span> <span class='ocrx_word' id='word_1_37' title='bbox 450 669 531 729; x_wconf 80' lang='lat' dir='ltr'>atque</span> <span class='ocrx_word' id='word_1_38' title='bbox 544 661 646 714; x_wconf 88' lang='lat' dir='ltr'>umbris</span> <span class='ocrx_word' id='word_1_39' title='bbox 657 661 712 730; x_wconf 86' lang='lat' dir='ltr'>jam</span> <span class='ocrx_word' id='word_1_40' title='bbox 724 661 820 714; x_wconf 84' lang='lat' dir='ltr'>dividit</span> <span class='ocrx_word' id='word_1_41' title='bbox 832 660 941 733; x_wconf 67' lang='lat' dir='ltr'>orbem,</span> 
     </span>
    </p>

    <p class='ocr_par' dir='ltr' id='par_1_8' title="bbox 201 729 1056 800">
     <span class='ocr_line' id='line_1_8' title="bbox 201 729 1056 800; baseline 0.004 -17"><span class='ocrx_word' id='word_1_42' title='bbox 201 730 343 797; x_wconf 82' lang='lat' dir='ltr'>Exercete,</span> <span class='ocrx_word' id='word_1_43' title='bbox 357 729 414 797; x_wconf 87' lang='lat' dir='ltr'>viri,</span> <span class='ocrx_word' id='word_1_44' title='bbox 428 738 516 782; x_wconf 81' lang='lat' dir='ltr'>tauros</span> <span class='ocrx_word' id='word_1_45' title='bbox 524 746 532 799; x_wconf 82' lang='lat'>3</span> <span class='ocrx_word' id='word_1_46' title='bbox 549 730 630 784; x_wconf 89' lang='lat' dir='ltr'>serite</span> <span class='ocrx_word' id='word_1_47' title='bbox 642 730 744 784; x_wconf 87' lang='lat' dir='ltr'>hordea</span> <span class='ocrx_word' id='word_1_48' title='bbox 753 731 858 800; x_wconf 86' lang='lat' dir='ltr'>campis</span> <span class='ocrx_word' id='word_1_49' title='bbox 1003 736 1056 786; x_wconf 78' lang='lat'>210</span> 
     </span>
    </p>

    <p class='ocr_par' dir='ltr' id='par_1_9' title="bbox 203 799 967 869">
     <span class='ocr_line' id='line_1_9' title="bbox 203 799 967 869; baseline 0.001 -15"><span class='ocrx_word' id='word_1_50' title='bbox 203 799 295 869; x_wconf 80' lang='lat' dir='ltr'><strong>Usque</strong></span> <span class='ocrx_word' id='word_1_51' title='bbox 306 799 357 852; x_wconf 90' lang='lat' dir='ltr'>sub</span> <span class='ocrx_word' id='word_1_52' title='bbox 368 808 521 852; x_wconf 82' lang='lat' dir='ltr'>extremum</span> <span class='ocrx_word' id='word_1_53' title='bbox 534 799 645 853; x_wconf 84' lang='lat' dir='ltr'>brumae</span> <span class='ocrx_word' id='word_1_54' title='bbox 656 800 831 854; x_wconf 87' lang='lat' dir='ltr'>intractabilis</span> <span class='ocrx_word' id='word_1_55' title='bbox 842 800 967 855; x_wconf 84' lang='lat' dir='ltr'>imbretr&#39;.</span> 
     </span>
    </p>

    <p class='ocr_par' dir='ltr' id='par_1_10' title="bbox 201 868 968 939">
     <span class='ocr_line' id='line_1_10' title="bbox 201 868 968 939; baseline -0.001 -16"><span class='ocrx_word' id='word_1_56' title='bbox 201 869 262 923; x_wconf 85' lang='lat' dir='ltr'>Nec</span> <span class='ocrx_word' id='word_1_57' title='bbox 274 887 326 923; x_wconf 89' lang='lat' dir='ltr'>non</span> <span class='ocrx_word' id='word_1_58' title='bbox 338 879 366 921; x_wconf 88' lang='lat' dir='ltr'>ct</span> <span class='ocrx_word' id='word_1_59' title='bbox 377 868 424 921; x_wconf 92' lang='lat' dir='ltr'>lini</span> <span class='ocrx_word' id='word_1_60' title='bbox 436 876 558 936; x_wconf 85' lang='lat' dir='ltr'>segetem</span> <span class='ocrx_word' id='word_1_61' title='bbox 572 877 599 921; x_wconf 89' lang='lat' dir='ltr'>et</span> <span class='ocrx_word' id='word_1_62' title='bbox 609 869 723 922; x_wconf 81' lang='lat' dir='ltr'>Cereale</span> <span class='ocrx_word' id='word_1_63' title='bbox 733 885 852 939; x_wconf 82' lang='lat' dir='ltr'>papaver</span> <span class='ocrx_word' id='word_1_64' title='bbox 895 876 896 880; x_wconf 77' lang='grc'>’</span> <span class='ocrx_word' id='word_1_65' title='bbox 964 888 968 895; x_wconf 74' lang='grc'><strong>’</strong></span> 
     </span>
    </p>

    <p class='ocr_par' dir='ltr' id='par_1_11' title="bbox 201 936 1031 1011">
     <span class='ocr_line' id='line_1_11' title="bbox 201 936 1031 1011; baseline 0.004 -20"><span class='ocrx_word' id='word_1_66' title='bbox 201 939 324 1008; x_wconf 82' lang='lat' dir='ltr'>Tempus</span> <span class='ocrx_word' id='word_1_67' title='bbox 335 936 419 992; x_wconf 88' lang='lat' dir='ltr'>hurnc</span> <span class='ocrx_word' id='word_1_68' title='bbox 430 945 529 1007; x_wconf 83' lang='lat' dir='ltr'>tegere,</span> <span class='ocrx_word' id='word_1_69' title='bbox 543 946 569 990; x_wconf 90' lang='lat' dir='ltr'>et</span> <span class='ocrx_word' id='word_1_70' title='bbox 580 938 740 1007; x_wconf 87' lang='lat' dir='ltr'>jamdudum</span> <span class='ocrx_word' id='word_1_71' title='bbox 754 939 909 994; x_wconf 74' lang='lat' dir='ltr'>incumbere</span> <span class='ocrx_word' id='word_1_72' title='bbox 920 939 1031 1011; x_wconf 75' lang='lat' dir='ltr'>atatris3</span> 
     </span>
    </p>

    <p class='ocr_par' dir='ltr' id='par_1_12' title="bbox 202 1006 926 1077">
     <span class='ocr_line' id='line_1_12' title="bbox 202 1006 926 1077; baseline 0.003 -17"><span class='ocrx_word' id='word_1_73' title='bbox 202 1009 274 1061; x_wconf 89' lang='lat' dir='ltr'>Dum</span> <span class='ocrx_word' id='word_1_74' title='bbox 288 1009 361 1061; x_wconf 85' lang='lat' dir='ltr'>sicea</span> <span class='ocrx_word' id='word_1_75' title='bbox 372 1008 468 1060; x_wconf 90' lang='lat' dir='ltr'>tellure</span> <span class='ocrx_word' id='word_1_76' title='bbox 480 1006 551 1075; x_wconf 82' lang='lat' dir='ltr'>licet,</span> <span class='ocrx_word' id='word_1_77' title='bbox 564 1008 630 1061; x_wconf 89' lang='lat' dir='ltr'>dum</span> <span class='ocrx_word' id='word_1_78' title='bbox 647 1009 739 1062; x_wconf 89' lang='lat' dir='ltr'>nubila</span> <span class='ocrx_word' id='word_1_79' title='bbox 751 1008 878 1077; x_wconf 85' lang='lat' dir='ltr'>pendent.</span> <span class='ocrx_word' id='word_1_80' title='bbox 920 1040 926 1048; x_wconf 93' lang='lat'><strong>·</strong></span> 
     </span>
    </p>

    <p class='ocr_par' dir='ltr' id='par_1_13' title="bbox 198 1076 1053 1148">
     <span class='ocr_line' id='line_1_13' title="bbox 198 1076 1053 1148; baseline 0.007 -19"><span class='ocrx_word' id='word_1_81' title='bbox 198 1076 273 1130; x_wconf 80' lang='lat' dir='ltr'>Vere</span> <span class='ocrx_word' id='word_1_82' title='bbox 287 1077 356 1130; x_wconf 85' lang='lat' dir='ltr'>labis</span> <span class='ocrx_word' id='word_1_83' title='bbox 367 1078 451 1145; x_wconf 77' lang='lat' dir='ltr'>sati03</span> <span class='ocrx_word' id='word_1_84' title='bbox 469 1086 524 1130; x_wconf 91' lang='lat' dir='ltr'>tum</span> <span class='ocrx_word' id='word_1_85' title='bbox 539 1087 565 1129; x_wconf 89' lang='lat' dir='ltr'>ts</span> <span class='ocrx_word' id='word_1_86' title='bbox 577 1093 692 1147; x_wconf 78' lang='lat' dir='ltr'>quoque,</span> <span class='ocrx_word' id='word_1_87' title='bbox 706 1078 825 1147; x_wconf 83' lang='lat' dir='ltr'>Medica,</span> <span class='ocrx_word' id='word_1_88' title='bbox 838 1087 931 1148; x_wconf 83' lang='lat' dir='ltr'>putres</span> <span class='ocrx_word' id='word_1_89' title='bbox 1002 1082 1053 1136; x_wconf 75' lang='lat' dir='ltr'>ate</span> 
     </span>
    </p>

    <p class='ocr_par' dir='ltr' id='par_1_14' title="bbox 201 1146 836 1216">
     <span class='ocr_line' id='line_1_14' title="bbox 201 1146 836 1216; baseline -0.002 -15"><span class='ocrx_word' id='word_1_90' title='bbox 201 1147 344 1216; x_wconf 79' lang='lat' dir='ltr'><strong>Accipiunt</strong></span> <span class='ocrx_word' id='word_1_91' title='bbox 357 1147 432 1215; x_wconf 84' lang='lat' dir='ltr'>sulci,</span> <span class='ocrx_word' id='word_1_92' title='bbox 445 1155 474 1199; x_wconf 89' lang='lat' dir='ltr'>et</span> <span class='ocrx_word' id='word_1_93' title='bbox 486 1146 561 1200; x_wconf 91' lang='lat' dir='ltr'>milio</span> <span class='ocrx_word' id='word_1_94' title='bbox 573 1148 745 1200; x_wconf 82' lang='lat' dir='ltr'>venir-annua</span> <span class='ocrx_word' id='word_1_95' title='bbox 757 1164 836 1200; x_wconf 88' lang='lat' dir='ltr'>cura:</span> 
     </span>
    </p>

    <p class='ocr_par' dir='ltr' id='par_1_15' title="bbox 202 1216 869 1285">
     <span class='ocr_line' id='line_1_15' title="bbox 202 1216 869 1285; baseline 0 -15"><span class='ocrx_word' id='word_1_96' title='bbox 202 1216 340 1270; x_wconf 81' lang='lat' dir='ltr'>Candidus</span> <span class='ocrx_word' id='word_1_97' title='bbox 351 1218 450 1269; x_wconf 84' lang='lat' dir='ltr'>auratis</span> <span class='ocrx_word' id='word_1_98' title='bbox 460 1216 545 1285; x_wconf 85' lang='lat' dir='ltr'>aperit</span> <span class='ocrx_word' id='word_1_99' title='bbox 558 1233 621 1268; x_wconf 88' lang='lat' dir='ltr'>curn</span> <span class='ocrx_word' id='word_1_100' title='bbox 633 1217 756 1270; x_wconf 88' lang='lat' dir='ltr'>cornibus</span> <span class='ocrx_word' id='word_1_101' title='bbox 767 1232 869 1270; x_wconf 74' lang='lat' dir='ltr'>eranum</span> 
     </span>
    </p>

    <p class='ocr_par' dir='ltr' id='par_1_16' title="bbox 201 1285 882 1354">
     <span class='ocr_line' id='line_1_16' title="bbox 201 1285 882 1354; baseline 0.001 -16"><span class='ocrx_word' id='word_1_102' title='bbox 201 1286 314 1354; x_wconf 77' lang='lat' dir='ltr'>Taurus,</span> <span class='ocrx_word' id='word_1_103' title='bbox 328 1294 356 1339; x_wconf 89' lang='lat' dir='ltr'>et</span> <span class='ocrx_word' id='word_1_104' title='bbox 366 1286 481 1339; x_wconf 81' lang='lat' dir='ltr'>adverso</span> <span class='ocrx_word' id='word_1_105' title='bbox 491 1285 592 1339; x_wconf 81' lang='lat' dir='ltr'>cedens</span> <span class='ocrx_word' id='word_1_106' title='bbox 603 1286 684 1340; x_wconf 82' lang='lat' dir='ltr'>Carris</span> <span class='ocrx_word' id='word_1_107' title='bbox 695 1286 791 1339; x_wconf 87' lang='lat' dir='ltr'>occidit</span> <span class='ocrx_word' id='word_1_108' title='bbox 803 1295 882 1339; x_wconf 85' lang='lat' dir='ltr'>astro.</span> 
     </span>
    </p>

    <p class='ocr_par' dir='ltr' id='par_1_17' title="bbox 201 1355 1011 1424">
     <span class='ocr_line' id='line_1_17' title="bbox 201 1355 1011 1424; baseline -0.001 -15"><span class='ocrx_word' id='word_1_109' title='bbox 201 1358 239 1409; x_wconf 89' lang='lat' dir='ltr'>At</span> <span class='ocrx_word' id='word_1_110' title='bbox 251 1355 275 1409; x_wconf 87' lang='lat' dir='ltr'>si</span> <span class='ocrx_word' id='word_1_111' title='bbox 286 1355 417 1409; x_wconf 86' lang='lat' dir='ltr'>triticeam</span> <span class='ocrx_word' id='word_1_112' title='bbox 431 1355 459 1407; x_wconf 91' lang='lat' dir='ltr'>in</span> <span class='ocrx_word' id='word_1_113' title='bbox 471 1371 590 1408; x_wconf 87' lang='lat' dir='ltr'>messem</span> <span class='ocrx_word' id='word_1_114' title='bbox 603 1355 764 1424; x_wconf 88' lang='lat' dir='ltr'>robustaque</span> <span class='ocrx_word' id='word_1_115' title='bbox 777 1356 847 1408; x_wconf 85' lang='lat' dir='ltr'>sarra</span> <span class='ocrx_word' id='word_1_116' title='bbox 1004 1411 1011 1423; x_wconf 62' lang='grc'><em>,</em></span> 
     </span>
    </p>

    <p class='ocr_par' dir='ltr' id='par_1_18' title="bbox 202 1424 1055 1496">
     <span class='ocr_line' id='line_1_18' title="bbox 202 1424 1055 1496; baseline -0.001 -17"><span class='ocrx_word' id='word_1_117' title='bbox 202 1424 350 1479; x_wconf 75' lang='lat' dir='ltr'>Exercebis</span> <span class='ocrx_word' id='word_1_118' title='bbox 362 1425 484 1491; x_wconf 86' lang='lat' dir='ltr'>humum,</span> <span class='ocrx_word' id='word_1_119' title='bbox 498 1424 616 1493; x_wconf 87' lang='lat' dir='ltr'>solisque</span> <span class='ocrx_word' id='word_1_120' title='bbox 627 1424 738 1478; x_wconf 75' lang='lat' dir='ltr'>instabis</span> <span class='ocrx_word' id='word_1_121' title='bbox 749 1425 845 1496; x_wconf 88' lang='lat' dir='ltr'>aristis,</span> <span class='ocrx_word' id='word_1_122' title='bbox 1003 1427 1055 1478; x_wconf 79' lang='lat'>22⁰</span> 
     </span>
    </p>

    <p class='ocr_par' dir='ltr' id='par_1_19' title="bbox 202 1493 890 1563">
     <span class='ocr_line' id='line_1_19' title="bbox 202 1493 890 1563; baseline -0.006 -13"><span class='ocrx_word' id='word_1_123' title='bbox 202 1497 275 1550; x_wconf 84' lang='lat' dir='ltr'>Ante</span> <span class='ocrx_word' id='word_1_124' title='bbox 288 1494 335 1549; x_wconf 88' lang='lat' dir='ltr'>tibi</span> <span class='ocrx_word' id='word_1_125' title='bbox 349 1495 420 1548; x_wconf 84' lang='lat' dir='ltr'>ane</span> <span class='ocrx_word' id='word_1_126' title='bbox 433 1493 585 1548; x_wconf 74' lang='lat' dir='ltr'>Atlantides</span> <span class='ocrx_word' id='word_1_127' title='bbox 595 1493 799 1563; x_wconf 85' lang='lat' dir='ltr'>abscondantur,</span> <span class='ocrx_word' id='word_1_128' title='bbox 844 1493 847 1496; x_wconf 78' lang='grc'>’</span> <span class='ocrx_word' id='word_1_129' title='bbox 888 1550 890 1555; x_wconf 68' lang='grc'>,</span> 
     </span>
    </p>

    <p class='ocr_par' dir='ltr' id='par_1_20' title="bbox 202 1563 839 1635">
     <span class='ocr_line' id='line_1_20' title="bbox 202 1563 839 1635; baseline 0.003 -19"><span class='ocrx_word' id='word_1_130' title='bbox 202 1563 357 1633; x_wconf 84' lang='lat' dir='ltr'>Gnosiaque</span> <span class='ocrx_word' id='word_1_131' title='bbox 368 1563 487 1617; x_wconf 86' lang='lat' dir='ltr'>ardentis</span> <span class='ocrx_word' id='word_1_132' title='bbox 497 1564 612 1617; x_wconf 86' lang='lat' dir='ltr'>decedat</span> <span class='ocrx_word' id='word_1_133' title='bbox 625 1563 702 1616; x_wconf 86' lang='lat' dir='ltr'>stella</span> <span class='ocrx_word' id='word_1_134' title='bbox 713 1565 839 1635; x_wconf 78' lang='lat' dir='ltr'>Coronae,</span> 
     </span>
    </p>

    <p class='ocr_par' dir='ltr' id='par_1_21' title="bbox 202 1632 928 1704">
     <span class='ocr_line' id='line_1_21' title="bbox 202 1632 928 1704; baseline 0.001 -18"><span class='ocrx_word' id='word_1_135' title='bbox 202 1632 301 1686; x_wconf 85' lang='lat' dir='ltr'>Debita</span> <span class='ocrx_word' id='word_1_136' title='bbox 312 1649 394 1702; x_wconf 85' lang='lat' dir='ltr'>qoam</span> <span class='ocrx_word' id='word_1_137' title='bbox 407 1633 489 1686; x_wconf 89' lang='lat' dir='ltr'>sulcis</span> <span class='ocrx_word' id='word_1_138' title='bbox 500 1635 654 1686; x_wconf 82' lang='lat' dir='ltr'>committas</span> <span class='ocrx_word' id='word_1_139' title='bbox 666 1633 776 1703; x_wconf 73' lang='lat' dir='ltr'>semina,</span> <span class='ocrx_word' id='word_1_140' title='bbox 790 1650 928 1704; x_wconf 86' lang='lat' dir='ltr'>quamque</span> 
     </span>
    </p>

    <p class='ocr_par' dir='ltr' id='par_1_22' title="bbox 201 1701 837 1773">
     <span class='ocr_line' id='line_1_22' title="bbox 201 1701 837 1773; baseline 0 -17"><span class='ocrx_word' id='word_1_141' title='bbox 201 1702 307 1756; x_wconf 82' lang='lat' dir='ltr'>invitae</span> <span class='ocrx_word' id='word_1_142' title='bbox 319 1718 445 1773; x_wconf 85' lang='lat' dir='ltr'>properes</span> <span class='ocrx_word' id='word_1_143' title='bbox 455 1703 518 1755; x_wconf 89' lang='lat' dir='ltr'>anni</span> <span class='ocrx_word' id='word_1_144' title='bbox 531 1719 607 1772; x_wconf 84' lang='lat' dir='ltr'>spem</span> <span class='ocrx_word' id='word_1_145' title='bbox 621 1701 730 1757; x_wconf 86' lang='lat' dir='ltr'>eredere</span> <span class='ocrx_word' id='word_1_146' title='bbox 744 1711 837 1756; x_wconf 86' lang='lat' dir='ltr'>terrae.</span> 
     </span>
    </p>

    <p class='ocr_par' dir='ltr' id='par_1_23' title="bbox 201 1771 1056 1841">
     <span class='ocr_line' id='line_1_23' title="bbox 201 1771 1056 1841; baseline -0.002 -16"><span class='ocrx_word' id='word_1_147' title='bbox 201 1771 286 1825; x_wconf 88' lang='lat' dir='ltr'>Multi</span> <span class='ocrx_word' id='word_1_148' title='bbox 295 1780 360 1825; x_wconf 88' lang='lat' dir='ltr'>ante</span> <span class='ocrx_word' id='word_1_149' title='bbox 372 1788 498 1825; x_wconf 86' lang='lat' dir='ltr'>occasum</span> <span class='ocrx_word' id='word_1_150' title='bbox 511 1772 604 1824; x_wconf 88' lang='lat' dir='ltr'>Maiae</span> <span class='ocrx_word' id='word_1_151' title='bbox 616 1788 743 1841; x_wconf 86' lang='lat' dir='ltr'>coepere;</span> <span class='ocrx_word' id='word_1_152' title='bbox 761 1772 809 1825; x_wconf 85' lang='lat' dir='ltr'>sed</span> <span class='ocrx_word' id='word_1_153' title='bbox 821 1773 881 1825; x_wconf 84' lang='lat' dir='ltr'>illos</span> <span class='ocrx_word' id='word_1_154' title='bbox 991 1775 1056 1824; x_wconf 70' lang='lat'>‘225</span> 
     </span>
    </p>

    <p class='ocr_par' dir='ltr' id='par_1_24' title="bbox 202 1841 745 1911">
     <span class='ocr_line' id='line_1_24' title="bbox 202 1841 745 1911; baseline -0.004 -16"><span class='ocrx_word' id='word_1_155' title='bbox 202 1841 368 1911; x_wconf 77' lang='lat' dir='ltr'>Exspectata</span> <span class='ocrx_word' id='word_1_156' title='bbox 379 1857 459 1909; x_wconf 81' lang='lat' dir='ltr'>seges</span> <span class='ocrx_word' id='word_1_157' title='bbox 471 1842 546 1894; x_wconf 87' lang='lat' dir='ltr'>vanis</span> <span class='ocrx_word' id='word_1_158' title='bbox 557 1841 636 1894; x_wconf 88' lang='lat' dir='ltr'>elusit</span> <span class='ocrx_word' id='word_1_159' title='bbox 648 1842 745 1894; x_wconf 85' lang='lat' dir='ltr'>aristis.</span> 
     </span>
    </p>

    <p class='ocr_par' dir='ltr' id='par_1_25' title="bbox 202 1909 846 1980">
     <span class='ocr_line' id='line_1_25' title="bbox 202 1909 846 1980; baseline -0.003 -16"><span class='ocrx_word' id='word_1_160' title='bbox 202 1911 230 1964; x_wconf 85' lang='lat' dir='ltr'>si</span> <span class='ocrx_word' id='word_1_161' title='bbox 242 1927 307 1965; x_wconf 86' lang='lat' dir='ltr'>vero</span> <span class='ocrx_word' id='word_1_162' title='bbox 319 1911 472 1980; x_wconf 82' lang='lat' dir='ltr'>viciamque</span> <span class='ocrx_word' id='word_1_163' title='bbox 484 1927 558 1963; x_wconf 87' lang='lat' dir='ltr'>seres</span> <span class='ocrx_word' id='word_1_164' title='bbox 570 1911 707 1979; x_wconf 80' lang='lat' dir='ltr'>vilemque</span> <span class='ocrx_word' id='word_1_165' title='bbox 722 1909 846 1980; x_wconf 84' lang='lat' dir='ltr'>faselum,</span> 
     </span>
    </p>

    <p class='ocr_par' dir='ltr' id='par_1_26' title="bbox 202 1980 828 2050">
     <span class='ocr_line' id='line_1_26' title="bbox 202 1980 828 2050; baseline -0.006 -16"><span class='ocrx_word' id='word_1_166' title='bbox 202 1980 263 2034; x_wconf 88' lang='lat' dir='ltr'>Nec</span> <span class='ocrx_word' id='word_1_167' title='bbox 274 1980 432 2034; x_wconf 78' lang='lat' dir='ltr'>Pelusiacae</span> <span class='ocrx_word' id='word_1_168' title='bbox 445 1996 537 2032; x_wconf 86' lang='lat' dir='ltr'>curam</span> <span class='ocrx_word' id='word_1_169' title='bbox 549 1981 728 2050; x_wconf 78' lang='lat' dir='ltr'>aspernabere</span> <span class='ocrx_word' id='word_1_170' title='bbox 740 1980 828 2047; x_wconf 84' lang='lat' dir='ltr'>lentis,</span> 
     </span>
    </p>

    <p class='ocr_par' dir='ltr' id='par_1_27' title="bbox 202 2049 887 2118">
     <span class='ocr_line' id='line_1_27' title="bbox 202 2049 887 2118; baseline -0.004 -15"><span class='ocrx_word' id='word_1_171' title='bbox 202 2049 282 2104; x_wconf 84' lang='lat' dir='ltr'>Haud</span> <span class='ocrx_word' id='word_1_172' title='bbox 295 2050 408 2104; x_wconf 88' lang='lat' dir='ltr'>obscura</span> <span class='ocrx_word' id='word_1_173' title='bbox 420 2049 521 2102; x_wconf 89' lang='lat' dir='ltr'>cadens</span> <span class='ocrx_word' id='word_1_174' title='bbox 532 2050 614 2103; x_wconf 85' lang='lat' dir='ltr'>mittit</span> <span class='ocrx_word' id='word_1_175' title='bbox 625 2049 675 2102; x_wconf 92' lang='lat' dir='ltr'>tibi</span> <span class='ocrx_word' id='word_1_176' title='bbox 687 2050 763 2118; x_wconf 85' lang='lat' dir='ltr'>signa</span> <span class='ocrx_word' id='word_1_177' title='bbox 774 2049 887 2116; x_wconf 78' lang='lat' dir='ltr'>Bootes5</span> 
     </span>
    </p>

    <p class='ocr_par' dir='ltr' id='par_1_28' title="bbox 202 2118 1057 2257">
     <span class='ocr_line' id='line_1_28' title="bbox 202 2118 1057 2191; baseline -0.001 -18"><span class='ocrx_word' id='word_1_178' title='bbox 202 2119 258 2174; x_wconf 91' lang='lat' dir='ltr'>Inci</span> <span class='ocrx_word' id='word_1_179' title='bbox 296 2159 303 2191; x_wconf 90' lang='lat'>,</span> <span class='ocrx_word' id='word_1_180' title='bbox 316 2119 390 2172; x_wconf 88' lang='lat' dir='ltr'>etad</span> <span class='ocrx_word' id='word_1_181' title='bbox 402 2119 509 2172; x_wconf 88' lang='lat' dir='ltr'>medias</span> <span class='ocrx_word' id='word_1_182' title='bbox 520 2127 669 2173; x_wconf 87' lang='lat' dir='ltr'>sementem</span> <span class='ocrx_word' id='word_1_183' title='bbox 683 2118 800 2172; x_wconf 83' lang='lat' dir='ltr'>extende</span> <span class='ocrx_word' id='word_1_184' title='bbox 818 2119 935 2188; x_wconf 83' lang='lat' dir='ltr'>pruinas.</span> <span class='ocrx_word' id='word_1_185' title='bbox 1006 2122 1057 2172; x_wconf 78' lang='lat'>230</span> 
     </span>
     <span class='ocr_line' id='line_1_29' title="bbox 239 2187 835 2257; baseline -0.005 -13"><span class='ocrx_word' id='word_1_186' title='bbox 239 2189 251 2243; x_wconf 92' lang='lat'>1</span> <span class='ocrx_word' id='word_1_187' title='bbox 271 2189 344 2244; x_wconf 88' lang='lat' dir='ltr'>circo</span> <span class='ocrx_word' id='word_1_188' title='bbox 354 2189 436 2242; x_wconf 85' lang='lat' dir='ltr'>certis</span> <span class='ocrx_word' id='word_1_189' title='bbox 446 2189 599 2242; x_wconf 82' lang='lat' dir='ltr'>dimensum</span> <span class='ocrx_word' id='word_1_190' title='bbox 613 2187 835 2257; x_wconf 87' lang='lat' dir='ltr'>partibusorbem</span> 
     </span>
    </p>

    <p class='ocr_par' dir='ltr' id='par_1_29' title="bbox 203 2257 835 2326">
     <span class='ocr_line' id='line_1_30' title="bbox 203 2257 835 2326; baseline -0.003 -14"><span class='ocrx_word' id='word_1_191' title='bbox 203 2259 256 2312; x_wconf 92' lang='lat' dir='ltr'>Per</span> <span class='ocrx_word' id='word_1_192' title='bbox 267 2259 393 2313; x_wconf 87' lang='lat' dir='ltr'>duodena</span> <span class='ocrx_word' id='word_1_193' title='bbox 405 2258 472 2326; x_wconf 85' lang='lat' dir='ltr'>regit</span> <span class='ocrx_word' id='word_1_194' title='bbox 483 2258 576 2311; x_wconf 89' lang='lat' dir='ltr'>mundi</span> <span class='ocrx_word' id='word_1_195' title='bbox 590 2257 633 2311; x_wconf 88' lang='lat' dir='ltr'>Sol</span> <span class='ocrx_word' id='word_1_196' title='bbox 644 2274 743 2310; x_wconf 88' lang='lat' dir='ltr'>aureus</span> <span class='ocrx_word' id='word_1_197' title='bbox 754 2266 835 2311; x_wconf 87' lang='lat' dir='ltr'>astra.</span> 
     </span>
    </p>

    <p class='ocr_par' dir='ltr' id='par_1_30' title="bbox 203 2327 988 2397">
     <span class='ocr_line' id='line_1_31' title="bbox 203 2327 988 2397; baseline 0.001 -16"><span class='ocrx_word' id='word_1_198' title='bbox 203 2328 331 2397; x_wconf 79' lang='lat' dir='ltr'>Quinque</span> <span class='ocrx_word' id='word_1_199' title='bbox 341 2335 434 2381; x_wconf 89' lang='lat' dir='ltr'>tenent</span> <span class='ocrx_word' id='word_1_200' title='bbox 446 2327 554 2381; x_wconf 84' lang='lat' dir='ltr'>eoelum</span> <span class='ocrx_word' id='word_1_201' title='bbox 566 2343 666 2380; x_wconf 89' lang='lat' dir='ltr'>zonae:</span> <span class='ocrx_word' id='word_1_202' title='bbox 686 2343 800 2397; x_wconf 89' lang='lat' dir='ltr'>quarum</span> <span class='ocrx_word' id='word_1_203' title='bbox 812 2343 865 2380; x_wconf 89' lang='lat' dir='ltr'>una</span> <span class='ocrx_word' id='word_1_204' title='bbox 877 2342 988 2382; x_wconf 86' lang='lat' dir='ltr'>corusco</span> 
     </span>
    </p>

    <p class='ocr_par' dir='ltr' id='par_1_31' title="bbox 202 2395 900 2468">
     <span class='ocr_line' id='line_1_32' title="bbox 202 2395 900 2468; baseline -0.001 -18"><span class='ocrx_word' id='word_1_205' title='bbox 202 2397 317 2468; x_wconf 81' lang='lat' dir='ltr'>Semper</span> <span class='ocrx_word' id='word_1_206' title='bbox 328 2396 385 2451; x_wconf 91' lang='lat' dir='ltr'>scle</span> <span class='ocrx_word' id='word_1_207' title='bbox 396 2397 503 2465; x_wconf 82' lang='lat' dir='ltr'>rubens,</span> <span class='ocrx_word' id='word_1_208' title='bbox 516 2405 544 2449; x_wconf 88' lang='lat' dir='ltr'>et</span> <span class='ocrx_word' id='word_1_209' title='bbox 557 2396 654 2449; x_wconf 88' lang='lat' dir='ltr'>torrida</span> <span class='ocrx_word' id='word_1_210' title='bbox 664 2412 772 2466; x_wconf 86' lang='lat' dir='ltr'>semper</span> <span class='ocrx_word' id='word_1_211' title='bbox 783 2395 819 2450; x_wconf 89' lang='lat' dir='ltr'>ab</span> <span class='ocrx_word' id='word_1_212' title='bbox 831 2397 900 2466; x_wconf 78' lang='lat' dir='ltr'>igni5</span> 
     </span>
    </p>

    <p class='ocr_par' dir='ltr' id='par_1_32' title="bbox 203 2465 1057 2545">
     <span class='ocr_line' id='line_1_33' title="bbox 203 2465 1057 2545; baseline -0.002 -25"><span class='ocrx_word' id='word_1_213' title='bbox 203 2466 293 2525; x_wconf 80' lang='lat' dir='ltr'>Quam</span> <span class='ocrx_word' id='word_1_214' title='bbox 305 2467 407 2520; x_wconf 86' lang='lat' dir='ltr'>circum</span> <span class='ocrx_word' id='word_1_215' title='bbox 422 2476 561 2520; x_wconf 80' lang='lat' dir='ltr'>extremae</span> <span class='ocrx_word' id='word_1_216' title='bbox 572 2466 667 2519; x_wconf 84' lang='lat' dir='ltr'>dextra</span> <span class='ocrx_word' id='word_1_217' title='bbox 678 2465 810 2545; x_wconf 83' lang='lat' dir='ltr'>laevaque</span> <span class='ocrx_word' id='word_1_218' title='bbox 822 2465 969 2537; x_wconf 87' lang='lat' dir='ltr'>trahuntur,</span> <span class='ocrx_word' id='word_1_219' title='bbox 1007 2468 1057 2518; x_wconf 77' lang='lat'>23⁵</span> 
     </span>
    </p>

    <p class='ocr_par' dir='ltr' id='par_1_33' title="bbox 204 2534 910 2604">
     <span class='ocr_line' id='line_1_34' title="bbox 204 2534 910 2604; baseline -0.003 -16"><span class='ocrx_word' id='word_1_220' title='bbox 204 2536 334 2589; x_wconf 86' lang='lat' dir='ltr'>Caerulea</span> <span class='ocrx_word' id='word_1_221' title='bbox 345 2535 433 2604; x_wconf 84' lang='lat' dir='ltr'>glacie</span> <span class='ocrx_word' id='word_1_222' title='bbox 444 2543 586 2588; x_wconf 88' lang='lat' dir='ltr'>concretae</span> <span class='ocrx_word' id='word_1_223' title='bbox 597 2544 679 2604; x_wconf 89' lang='lat' dir='ltr'>atque</span> <span class='ocrx_word' id='word_1_224' title='bbox 692 2534 825 2588; x_wconf 77' lang='lat' dir='ltr'>imbribus</span> <span class='ocrx_word' id='word_1_225' title='bbox 835 2534 910 2587; x_wconf 89' lang='lat' dir='ltr'>atris.</span> 
     </span>
    </p>

    <p class='ocr_par' dir='ltr' id='par_1_34' title="bbox 203 2603 957 2681">
     <span class='ocr_line' id='line_1_35' title="bbox 203 2603 957 2681; baseline 0.001 -23"><span class='ocrx_word' id='word_1_226' title='bbox 203 2604 261 2658; x_wconf 88' lang='lat' dir='ltr'>Has</span> <span class='ocrx_word' id='word_1_227' title='bbox 272 2606 341 2658; x_wconf 90' lang='lat' dir='ltr'>inter</span> <span class='ocrx_word' id='word_1_228' title='bbox 353 2604 526 2673; x_wconf 86' lang='lat' dir='ltr'>mediamque</span> <span class='ocrx_word' id='word_1_229' title='bbox 538 2604 609 2656; x_wconf 89' lang='lat' dir='ltr'>duae</span> <span class='ocrx_word' id='word_1_230' title='bbox 620 2603 777 2657; x_wconf 85' lang='lat' dir='ltr'>mortalibus</span> <span class='ocrx_word' id='word_1_231' title='bbox 787 2604 877 2681; x_wconf 80' lang='lat' dir='ltr'>aegris</span> <span class='ocrx_word' id='word_1_232' title='bbox 953 2654 957 2659; x_wconf 92' lang='lat'>.</span> 
     </span>
    </p>

    <p class='ocr_par' dir='ltr' id='par_1_35' title="bbox 204 2671 963 2744">
     <span class='ocr_line' id='line_1_36' title="bbox 204 2671 963 2744; baseline -0.004 -16"><span class='ocrx_word' id='word_1_233' title='bbox 204 2673 321 2729; x_wconf 90' lang='lat' dir='ltr'>Munere</span> <span class='ocrx_word' id='word_1_234' title='bbox 332 2691 478 2727; x_wconf 84' lang='lat' dir='ltr'>concessae</span> <span class='ocrx_word' id='word_1_235' title='bbox 489 2673 601 2742; x_wconf 82' lang='lat' dir='ltr'>dirum3</span> <span class='ocrx_word' id='word_1_236' title='bbox 618 2682 646 2726; x_wconf 90' lang='lat' dir='ltr'>et</span> <span class='ocrx_word' id='word_1_237' title='bbox 658 2672 702 2724; x_wconf 88' lang='lat' dir='ltr'>via</span> <span class='ocrx_word' id='word_1_238' title='bbox 714 2681 790 2726; x_wconf 88' lang='lat' dir='ltr'>secta</span> <span class='ocrx_word' id='word_1_239' title='bbox 800 2689 849 2744; x_wconf 92' lang='lat' dir='ltr'>per</span> <span class='ocrx_word' id='word_1_240' title='bbox 859 2671 963 2743; x_wconf 84' lang='lat' dir='ltr'>ambas,</span> 
     </span>
    </p>

    <p class='ocr_par' dir='ltr' id='par_1_36' title="bbox 203 2741 976 2813">
     <span class='ocr_line' id='line_1_37' title="bbox 203 2741 976 2813; baseline -0.008 -16"><span class='ocrx_word' id='word_1_241' title='bbox 203 2743 334 2813; x_wconf 89' lang='lat' dir='ltr'>Obliquus</span> <span class='ocrx_word' id='word_1_242' title='bbox 345 2761 399 2813; x_wconf 88' lang='lat' dir='ltr'>qua</span> <span class='ocrx_word' id='word_1_243' title='bbox 409 2760 441 2795; x_wconf 91' lang='lat' dir='ltr'>se</span> <span class='ocrx_word' id='word_1_244' title='bbox 453 2743 587 2810; x_wconf 83' lang='lat' dir='ltr'>signorum</span> <span class='ocrx_word' id='word_1_245' title='bbox 601 2751 716 2795; x_wconf 89' lang='lat' dir='ltr'>verteret</span> <span class='ocrx_word' id='word_1_246' title='bbox 727 2741 799 2794; x_wconf 86' lang='lat' dir='ltr'>ordo.</span> <span class='ocrx_word' id='word_1_247' title='bbox 973 2764 976 2771; x_wconf 48' lang='lat'><strong>⁴</strong></span> 
     </span>
    </p>

    <p class='ocr_par' dir='ltr' id='par_1_37' title="bbox 204 2809 1060 2885">
     <span class='ocr_line' id='line_1_38' title="bbox 204 2809 1060 2885; baseline -0.002 -19"><span class='ocrx_word' id='word_1_248' title='bbox 204 2812 334 2880; x_wconf 81' lang='lat' dir='ltr'>Mundus,</span> <span class='ocrx_word' id='word_1_249' title='bbox 345 2822 375 2866; x_wconf 90' lang='lat' dir='ltr'>ut</span> <span class='ocrx_word' id='word_1_250' title='bbox 387 2812 422 2865; x_wconf 92' lang='lat' dir='ltr'>ad</span> <span class='ocrx_word' id='word_1_251' title='bbox 434 2810 572 2881; x_wconf 85' lang='lat' dir='ltr'>Scythiam</span> <span class='ocrx_word' id='word_1_252' title='bbox 584 2809 773 2880; x_wconf 84' lang='lat' dir='ltr'>Rhipaeasque</span> <span class='ocrx_word' id='word_1_253' title='bbox 784 2810 884 2865; x_wconf 87' lang='lat' dir='ltr'>arduos</span> <span class='ocrx_word' id='word_1_254' title='bbox 894 2826 971 2865; x_wconf 86' lang='lat' dir='ltr'>arces</span> <span class='ocrx_word' id='word_1_255' title='bbox 1007 2813 1060 2885; x_wconf 79' lang='lat' dir='ltr'>arq</span> 
     </span>
    </p>

    <p class='ocr_par' dir='ltr' id='par_1_38' title="bbox 204 2880 1110 2952">
     <span class='ocr_line' id='line_1_39' title="bbox 204 2880 1110 2952; baseline -0.003 -17"><span class='ocrx_word' id='word_1_256' title='bbox 204 2882 352 2951; x_wconf 79' lang='lat' dir='ltr'>Consurgit,</span> <span class='ocrx_word' id='word_1_257' title='bbox 365 2882 494 2952; x_wconf 88' lang='lat' dir='ltr'>premitur</span> <span class='ocrx_word' id='word_1_258' title='bbox 504 2880 607 2950; x_wconf 78' lang='lat' dir='ltr'>Libyae</span> <span class='ocrx_word' id='word_1_259' title='bbox 619 2880 741 2934; x_wconf 82' lang='lat' dir='ltr'>devexus</span> <span class='ocrx_word' id='word_1_260' title='bbox 752 2880 779 2933; x_wconf 90' lang='lat' dir='ltr'>in</span> <span class='ocrx_word' id='word_1_261' title='bbox 791 2882 910 2934; x_wconf 85' lang='lat' dir='ltr'>Austros.</span> <span class='ocrx_word' id='word_1_262' title='bbox 1105 2884 1110 2889; x_wconf 84' lang='grc'><strong>“</strong></span> 
     </span>
    </p>

    <p class='ocr_par' dir='ltr' id='par_1_39' title="bbox 204 2949 855 3019">
     <span class='ocr_line' id='line_1_40' title="bbox 204 2949 855 3019; baseline -0.003 -15"><span class='ocrx_word' id='word_1_263' title='bbox 204 2951 255 3004; x_wconf 84' lang='lat' dir='ltr'>llic</span> <span class='ocrx_word' id='word_1_264' title='bbox 267 2960 362 3005; x_wconf 79' lang='lat' dir='ltr'>vertex</span> <span class='ocrx_word' id='word_1_265' title='bbox 373 2950 452 3005; x_wconf 87' lang='lat' dir='ltr'>nobis</span> <span class='ocrx_word' id='word_1_266' title='bbox 463 2966 572 3019; x_wconf 90' lang='lat' dir='ltr'>semper</span> <span class='ocrx_word' id='word_1_267' title='bbox 583 2949 707 3003; x_wconf 86' lang='lat' dir='ltr'>sublimis</span> <span class='ocrx_word' id='word_1_268' title='bbox 713 2965 721 3017; x_wconf 80' lang='lat'><em>3</em></span> <span class='ocrx_word' id='word_1_269' title='bbox 739 2958 767 3001; x_wconf 90' lang='lat' dir='ltr'>at</span> <span class='ocrx_word' id='word_1_270' title='bbox 779 2949 855 3002; x_wconf 91' lang='lat' dir='ltr'>illum</span> 
     </span>
    </p>

    <p class='ocr_par' dir='ltr' id='par_1_40' title="bbox 204 3016 1023 3099">
     <span class='ocr_line' id='line_1_41' title="bbox 204 3016 1023 3099; baseline -0.004 -26"><span class='ocrx_word' id='word_1_271' title='bbox 204 3019 260 3074; x_wconf 86' lang='lat' dir='ltr'>Sub</span> <span class='ocrx_word' id='word_1_272' title='bbox 271 3020 388 3099; x_wconf 88' lang='lat' dir='ltr'>pedibus</span> <span class='ocrx_word' id='word_1_273' title='bbox 399 3019 466 3089; x_wconf 83' lang='lat' dir='ltr'>Styx</span> <span class='ocrx_word' id='word_1_274' title='bbox 476 3029 533 3072; x_wconf 88' lang='lat' dir='ltr'>atra</span> <span class='ocrx_word' id='word_1_275' title='bbox 545 3018 619 3071; x_wconf 85' lang='lat' dir='ltr'>videt</span> <span class='ocrx_word' id='word_1_276' title='bbox 630 3019 783 3087; x_wconf 81' lang='lat' dir='ltr'>Manesque</span> <span class='ocrx_word' id='word_1_277' title='bbox 795 3016 930 3087; x_wconf 77' lang='lat' dir='ltr'>profundi.</span> <span class='ocrx_word' id='word_1_278' title='bbox 1019 3040 1023 3044; x_wconf 56' lang='grc'>’</span> 
     </span>
    </p>

    <p class='ocr_par' dir='ltr' id='par_1_41' title="bbox 204 3086 851 3154">
     <span class='ocr_line' id='line_1_42' title="bbox 204 3086 851 3154; baseline -0.008 -11"><span class='ocrx_word' id='word_1_279' title='bbox 204 3090 345 3143; x_wconf 76' lang='lat' dir='ltr'>Maximus</span> <span class='ocrx_word' id='word_1_280' title='bbox 356 3088 402 3142; x_wconf 88' lang='lat' dir='ltr'>bio</span> <span class='ocrx_word' id='word_1_281' title='bbox 413 3090 485 3142; x_wconf 80' lang='lat' dir='ltr'>flexu</span> <span class='ocrx_word' id='word_1_282' title='bbox 498 3089 605 3141; x_wconf 88' lang='lat' dir='ltr'>sinuoso</span> <span class='ocrx_word' id='word_1_283' title='bbox 620 3087 735 3140; x_wconf 88' lang='lat' dir='ltr'>elabitur</span> <span class='ocrx_word' id='word_1_284' title='bbox 747 3086 851 3154; x_wconf 81' lang='lat' dir='ltr'>Anguis</span> 
     </span>
    </p>

    <p class='ocr_par' dir='ltr' id='par_1_42' title="bbox 203 3155 1058 3228">
     <span class='ocr_line' id='line_1_43' title="bbox 203 3155 1058 3228; baseline -0.007 -16"><span class='ocrx_word' id='word_1_285' title='bbox 203 3158 312 3212; x_wconf 86' lang='lat' dir='ltr'>Circum</span> <span class='ocrx_word' id='word_1_286' title='bbox 324 3174 427 3228; x_wconf 88' lang='lat' dir='ltr'>perque</span> <span class='ocrx_word' id='word_1_287' title='bbox 439 3157 508 3212; x_wconf 87' lang='lat' dir='ltr'>duas</span> <span class='ocrx_word' id='word_1_288' title='bbox 519 3159 545 3210; x_wconf 90' lang='lat' dir='ltr'>in</span> <span class='ocrx_word' id='word_1_289' title='bbox 561 3173 666 3210; x_wconf 88' lang='lat' dir='ltr'>rnorem</span> <span class='ocrx_word' id='word_1_290' title='bbox 678 3155 798 3208; x_wconf 84' lang='lat' dir='ltr'>fluminis</span> <span class='ocrx_word' id='word_1_291' title='bbox 808 3159 913 3226; x_wconf 84' lang='lat' dir='ltr'>Arctos,</span> <span class='ocrx_word' id='word_1_292' title='bbox 1007 3159 1058 3209; x_wconf 74' lang='lat'>245</span> 
     </span>
    </p>

    <p class='ocr_par' dir='ltr' id='par_1_43' title="bbox 202 3224 808 3294">
     <span class='ocr_line' id='line_1_44' title="bbox 202 3224 808 3294; baseline -0.01 -12"><span class='ocrx_word' id='word_1_293' title='bbox 202 3231 300 3282; x_wconf 82' lang='lat' dir='ltr'>Arctos</span> <span class='ocrx_word' id='word_1_294' title='bbox 312 3228 413 3282; x_wconf 88' lang='lat' dir='ltr'>Oceani</span> <span class='ocrx_word' id='word_1_295' title='bbox 424 3226 574 3281; x_wconf 79' lang='lat' dir='ltr'>metuentis</span> <span class='ocrx_word' id='word_1_296' title='bbox 585 3241 702 3294; x_wconf 89' lang='lat' dir='ltr'>aequore</span> <span class='ocrx_word' id='word_1_297' title='bbox 714 3224 808 3293; x_wconf 86' lang='lat' dir='ltr'>tingui.</span> 
     </span>
    </p>

    <p class='ocr_par' dir='ltr' id='par_1_44' title="bbox 203 3293 855 3366">
     <span class='ocr_line' id='line_1_45' title="bbox 203 3293 855 3366; baseline -0.009 -16"><span class='ocrx_word' id='word_1_298' title='bbox 203 3297 270 3364; x_wconf 85' lang='lat' dir='ltr'>Illic,</span> <span class='ocrx_word' id='word_1_299' title='bbox 283 3305 312 3350; x_wconf 90' lang='lat' dir='ltr'>ut</span> <span class='ocrx_word' id='word_1_300' title='bbox 324 3296 475 3366; x_wconf 86' lang='lat' dir='ltr'>perbibent,</span> <span class='ocrx_word' id='word_1_301' title='bbox 489 3306 535 3348; x_wconf 88' lang='lat' dir='ltr'>aut</span> <span class='ocrx_word' id='word_1_302' title='bbox 548 3296 711 3363; x_wconf 87' lang='lat' dir='ltr'>intempesta</span> <span class='ocrx_word' id='word_1_303' title='bbox 723 3293 783 3345; x_wconf 83' lang='lat' dir='ltr'>silet</span> <span class='ocrx_word' id='word_1_304' title='bbox 796 3309 855 3362; x_wconf 86' lang='lat' dir='ltr'>nox,</span> 
     </span>
    </p>
   </div>
   <div class='ocr_carea' id='block_1_5' title="bbox 123 3360 1050 3481">
    <p class='ocr_par' dir='ltr' id='par_1_45' title="bbox 123 3360 1050 3481">
     <span class='ocr_line' id='line_1_46' title="bbox 203 3360 878 3438; baseline -0.013 -17"><span class='ocrx_word' id='word_1_305' title='bbox 203 3366 315 3438; x_wconf 86' lang='lat' dir='ltr'>Semper</span> <span class='ocrx_word' id='word_1_306' title='bbox 326 3374 355 3419; x_wconf 93' lang='lat' dir='ltr'>et</span> <span class='ocrx_word' id='word_1_307' title='bbox 366 3366 475 3420; x_wconf 85' lang='lat' dir='ltr'>obtenta</span> <span class='ocrx_word' id='word_1_308' title='bbox 487 3365 633 3419; x_wconf 88' lang='lat' dir='ltr'>densantur</span> <span class='ocrx_word' id='word_1_309' title='bbox 645 3370 722 3415; x_wconf 90' lang='lat' dir='ltr'>nocte</span> <span class='ocrx_word' id='word_1_310' title='bbox 735 3360 878 3414; x_wconf 86' lang='lat' dir='ltr'>tenebrae:</span> 
     </span>
     <span class='ocr_line' id='line_1_47' title="bbox 123 3438 1050 3481; baseline -0.015 -10"><span class='ocrx_word' id='word_1_311' title='bbox 123 3438 1050 3481; x_wconf 80' lang='lat'><em>.---—--—---——-—-—--·-··-⁴</em></span> 
     </span>
    </p>
   </div>
   <div class='ocr_carea' id='block_1_6' title="bbox 246 3488 942 3552">
    <p class='ocr_par' dir='ltr' id='par_1_46' title="bbox 246 3488 942 3552">
     <span class='ocr_line' id='line_1_48' title="bbox 246 3488 942 3552; baseline -0.027 1"><span class='ocrx_word' id='word_1_312' title='bbox 246 3503 363 3552; x_wconf 71' lang='lat' dir='ltr'>att-2⁵6.</span> <span class='ocrx_word' id='word_1_313' title='bbox 379 3500 437 3551; x_wconf 83' lang='lat' dir='ltr'>The</span> <span class='ocrx_word' id='word_1_314' title='bbox 448 3499 519 3550; x_wconf 83' lang='lat' dir='ltr'>aon’s</span> <span class='ocrx_word' id='word_1_315' title='bbox 530 3496 620 3547; x_wconf 87' lang='lat' dir='ltr'>annual</span> <span class='ocrx_word' id='word_1_316' title='bbox 631 3507 727 3550; x_wconf 84' lang='lat' dir='ltr'>course,</span> <span class='ocrx_word' id='word_1_317' title='bbox 740 3491 787 3541; x_wconf 87' lang='lat' dir='ltr'>and</span> <span class='ocrx_word' id='word_1_318' title='bbox 798 3491 840 3539; x_wconf 79' lang='lat' dir='ltr'>tha</span> <span class='ocrx_word' id='word_1_319' title='bbox 851 3488 942 3538; x_wconf 79' lang='lat' dir='ltr'>radiae.</span> 
     </span>
    </p>
   </div>
   <div class='ocr_carea' id='block_1_7' title="bbox 0 0 1153 3732">
    <p class='ocr_par' dir='ltr' id='par_1_47' title="bbox 0 0 1153 3732">
     <span class='ocr_line' id='line_1_49' title="bbox 0 0 1153 3732; baseline 0 0"><span class='ocrx_word' id='word_1_320' title='bbox 0 0 1153 3732; x_wconf 95' lang='lat' dir='ltr'> </span> 
     </span>
    </p>
   </div>
  </div>
 </body>
</html>
