2320 3744
406 186 411 203 '
474 208 659 252 oaonnroon.

172 339 294 409 Sanguis,
308 348 335 393 et
347 338 471 393 obsessas
482 336 686 459 faucespremit
697 352 794 406 aspera
804 334 904 404 lingua.

174 411 276 464 Profuit
289 411 387 462 inserto
399 409 494 462 latices
505 407 580 462 infun
600 423 646 459 ere
657 423 740 459 cornu

173 481 295 534 Lenaeos
302 496 310 547 3
328 495 362 531 ea
374 479 432 532 visa
445 478 519 531 salus
529 475 704 531 morientibus
716 493 779 529 uua.
976 476 1030 528 510

172 550 239 604 Mox
251 558 307 602 erat
319 547 371 601 hoo
384 550 471 618 ipsum
485 547 575 616 exitio,
589 545 719 616 furiisque
733 545 826 599 relecti

172 620 320 690 Ardebant,
333 618 439 689 ipsique
451 634 514 670 suos
524 616 582 686 jam
594 626 679 668 morte
692 615 743 669 sub
755 631 873 684 aegra-

173 689 207 744 Di
218 688 331 743 meliora
343 687 401 757 piis,
415 703 586 756 erroremque
599 685 721 739 hostibus
732 684 809 738 illum
819 683 865 738 l·-

174 759 306 812 Disoissos
318 757 398 811 nudis
409 756 546 810 laniabant
557 755 684 809 dentibus
694 763 775 811 artus.

175 829 248 883 ane
260 836 353 881 autem
365 827 431 879 duro
444 826 553 880 fumans
564 824 615 878 sub
627 842 737 879 vomere
750 832 842 878 taurus
977 823 1031 875 515

173 896 295 950 concidit
307 904 334 949 et
345 896 461 949 mixtum
473 896 578 965 spumis
589 894 674 948 vomit
685 911 731 948 ore
742 909 866 948 eruorem

174 967 372 1035 Extremusque
384 966 437 1019 ciet
449 965 577 1034 gemitus.
613 965 636 1017 It
648 964 730 1018 tristis
741 972 835 1032 arator,

172 1037 343 1091 Maerentem
354 1035 506 1106 abjungens
518 1033 634 1087 fraterna
645 1042 731 1088 morte
741 1033 898 1104 juvencum,
920 1069 923 1072 -

139 1121 142 1126 ’
173 1108 264 1176 Atque
276 1123 291 1157 o
329 1120 357 1158 re
369 1105 396 1158 in
408 1105 498 1158 medio
510 1104 600 1157 defixa
614 1103 738 1173 relinquit
749 1111 845 1157 aratra.

172 1176 234 1230 Non
246 1193 292 1230 um
313 1192 359 1228 rae
374 1175 488 1228 altorum
500 1190 650 1237 nemorum,
663 1190 715 1226 non
728 1172 819 1227 mollia
831 1179 945 1296 possunt
977 1173 1032 1224 520

173 1245 253 1299 Prata
265 1261 374 1299 morere
386 1245 515 1314 animum,
529 1259 590 1313 non,
603 1244 650 1313 qui
662 1261 710 1313 per
726 1260 790 1297 saxa
802 1251 909 1299 vontus

174 1315 266 1368 Purior
277 1314 376 1368 eleotro
388 1330 516 1384 eampum
528 1314 595 1383 petit
607 1313 696 1367 amnis
703 1330 710 1382 3
728 1321 756 1366 at
767 1313 823 1367 ima

173 1385 318 1438 Solvuntur
329 1384 421 1454 latera,
434 1395 515 1505 atque
527 1383 619 1436 oeulos
630 1391 722 1453 stupor
734 1393 830 1450 urguet
842 1381 942 1453 inertis,

173 1454 217 1508 Ad
231 1462 382 1524 terramque
395 1454 453 1506 fluit
484 1470 569 1506 evexo
583 1454 699 1523 pondere
711 1454 811 1506 cervix.

174 1522 245 1582 Quid
258 1522 391 1576 laborant
404 1522 547 1577 benefacta
558 1521 670 1593 juvanti
682 1522 867 1592 qoidvomers
876 1530 961 1576 terras
977 1523 1032 1574 525

173 1593 317 1646 invertisse
330 1592 439 1660 gravisi
476 1593 557 1662 Atqui
570 1609 622 1645 non
634 1592 755 1645 Massiua
766 1591 866 1645 Baoolri

173 1662 298 1732 Munera,
311 1679 362 1715 non
376 1663 429 1715 illis
438 1662 538 1733 epulae
550 1677 666 1715 nocuere
679 1669 815 1731 repostae:

174 1731 324 1786 Fraudibus
336 1740 364 1785 et
376 1732 448 1785 victu
461 1740 607 1800 pascuntur
618 1731 750 1801 simplicis
761 1731 871 1802 herbae,

174 1801 274 1855 Pooula
286 1810 347 1855 sunt
360 1802 447 1854 tontes
458 1800 552 1870 liquidi
566 1809 649 1871 atque
661 1801 779 1854 exercita
791 1818 872 1855 cursu

175 1870 198 1925 F
199 1870 309 1940 lumina,
323 1887 375 1924 neo
386 1887 494 1924 somnos
505 1871 640 1940 abrumpit
652 1887 717 1923 cura
729 1871 852 1925 salubris.
979 1872 1035 1922 5³0

174 1941 307 2010 Tempore
320 1957 371 1994 non
384 1940 437 1993 alio
449 1940 541 1993 dieunt
553 1940 706 2008 regionibus
718 1940 770 1993 illis

175 2010 319 2067 Quaesitae
331 2009 366 2063 ad
378 2027 455 2063 saura
466 2008 550 2063 boves
561 2010 682 2080 Jnnonis,
696 2021 723 2062 et
736 2011 792 2064 nris

175 2079 327 2148 imparibus
337 2080 432 2132 ductos
443 2079 498 2132 alta
510 2079 544 2132 ad
557 2080 666 2132 donaria
678 2096 779 2133 currus.

176 2149 247 2217 Ergo
258 2165 339 2217 aegre
352 2150 443 2202 rastris
455 2157 553 2202 terram
567 2149 703 2218 rimantur,
717 2149 821 2220 stipsis

175 2217 319 2286 Unguibus
330 2217 462 2272 infodiunt
475 2216 574 2288 fruges,
588 2219 740 2289 montisque
753 2236 801 2289 per
812 2218 882 2272 altos
978 2220 1035 2270 535

175 2286 306 2340 Contenta
318 2290 424 2342 cerviae
437 2288 544 2342 trahunt
557 2288 698 2342 stridentia
709 2289 837 2359 plaustra.

210 2357 270 2411 Non
283 2354 364 2436 lupus
376 2357 489 2411 insidias
500 2358 619 2428 explorat
632 2358 714 2411 ovilia
725 2359 837 2428 oiroum,

175 2425 235 2480 Neo
246 2426 374 2496 gregibus
388 2436 531 2481 nocturnus
543 2427 716 2496 obambulat;
735 2429 819 2480 aerior
830 2426 908 2481 illurn

176 2496 246 2550 Cura
258 2496 358 2551 domat.
394 2497 495 2550 Timidi
508 2496 605 2550 damae
617 2497 743 2566 cervique
756 2497 869 2566 fugaces

175 2565 255 2619 Narro
268 2566 391 2636 interque
403 2583 485 2620 osnes
497 2574 524 2620 et
535 2567 638 2620 oiroum
650 2573 722 2620 tecta
734 2575 874 2636 vagantur.
980 2567 1037 2621 540

174 2635 237 2688 lam
249 2635 331 2688 maris
342 2639 469 2690 immensi
480 2635 583 2706 prolem
596 2645 623 2688 et
635 2653 722 2705 genus
733 2652 813 2690 omne
825 2642 969 2690 natantum

175 2703 263 2757 Litore
277 2705 304 2758 iu
316 2714 445 2775 extremo,
458 2722 510 2759 eeu
522 2706 651 2773 naufraga
662 2722 779 2776 corpora,
792 2706 891 2760 fluetus

175 2772 293 2842 Proluit,
311 2774 434 2828 insolitae
446 2775 554 2844 fugiunt
566 2775 594 2829 in
606 2776 718 2829 flumina
730 2775 842 2845 phooae.

174 2842 267 2897 Interit
280 2850 307 2895 et
320 2845 409 2898 curvis
421 2843 519 2898 frustra
530 2843 643 2898 defensa
654 2844 765 2898 latebris

173 2911 279 2983 Vipera,
294 2925 322 2966 et
333 2914 438 2967 attoniti
450 2916 570 2984 squamis
582 2913 751 2968 adstantibus
763 2913 852 2984 hydri.
980 2918 1036 2968 545

173 2981 185 3034 Ι
220 2983 243 3035 15
254 2992 295 3036 551
307 2986 354 3035 aer
366 2983 462 3037 avibus
473 3000 524 3037 non
537 3000 648 3054 aequus,
661 2993 689 3037 et
701 2984 763 3037 illae

197 3052 340 3120 raecipites
351 3051 407 3106 alta
417 3054 502 3107 vitam
514 3053 650 3108 subnuba
663 3052 825 3124 relinquunt.

174 3118 317 3177 Praeterea
327 3120 384 3190 jam
396 3139 448 3176 neo
460 3125 558 3176 mutari
570 3122 669 3192 pabula
682 3122 771 3189 refert,

132 3259 247 3324 515-530.
257 3258 399 3326 ,8511511185
415 3262 444 3310 ol'
458 3263 500 3310 the
515 3264 630 3312 innocent
646 3274 726 3314 steers
741 3275 766 3313 at
782 3265 861 3313 work.
874 3267 1036 3315 -531-536.

103 3313 239 3373 Hardshrps
255 3319 366 3374 imposed
381 3335 413 3367 on
428 3320 471 3369 the
505 3322 582 3381 eople.
593 3342 626 3357 —-
635 3327 751 3374 537-547.
770 3324 849 3373 Other
865 3324 970 3374 animale
985 3340 1035 3373 ex·

102 3371 232 3430 perieuoed
246 3373 288 3442 the
301 3376 352 3425 evil
367 3378 454 3428 effecta
468 3337 503 3428 otp
508 3380 550 3429 the
566 3381 670 3433 diseaso.
679 3387 833 3442 eata-550.
849 3380 896 3443 att
908 3383 1037 3435 1511155151

102 3443 168 3479 11515
178 3431 325 3493 anavarhng.
1032 3448 1034 3455 ’
