2308 3780
439 183 550 237 ⁴marm
568 183 611 229 ru.

135 308 229 364 Pastor
239 325 327 378 agens
336 308 408 382 telis,
419 309 552 435 liquitque
564 311 672 367 volatile
684 310 788 369 ferrum
842 324 845 330 ‘

135 379 254 433 Nescius
260 396 270 448 5
286 378 333 433 illa
345 378 410 451 suga
422 382 446 435 si
457 399 507 435 vas
517 382 657 452 saltusque
668 391 792 452 peragrat

59 506 63 519 ,
96 482 104 501 ι
135 450 262 504 Dictaeos
269 466 278 519 3
296 448 390 505 haeret
402 451 479 505 lateri
491 450 580 505 letalis
591 452 702 506 arundo.

62 522 67 525 ’
134 520 214 573 Nunc
227 519 318 573 media
329 522 442 575 Aenean
454 539 548 575 secum
561 539 609 592 per
621 522 727 576 moenia
738 522 822 593 ducit,

134 589 255 643 Sidonias
275 607 309 643 ue
322 600 438 644 ostentat
449 608 515 661 opes
527 591 676 661 urbemque
689 602 827 662 paratamt
955 596 990 648 ta

134 658 258 729 incipite
281 660 328 730 ari,
342 660 486 731 mediaque
499 660 527 715 in
539 678 605 714 voce
619 662 732 731 resistit3
761 724 764 729 ¹

133 729 214 783 Nunc
226 729 325 783 eadem
336 729 444 785 labente
457 731 501 784 die
513 731 637 785 convivia
648 732 762 803 quaerit,

133 799 284 868 Iliacosque
297 799 396 854 iterum
407 800 522 854 demens
533 801 626 854 audire
638 801 745 854 labores

134 869 270 939 Exposcit,
318 869 437 940 ndetque
450 872 547 924 iterum
559 875 690 925 narrantis
701 871 737 924 ab
749 887 805 925 ore.

133 938 204 1009 Post,
218 938 265 992 ubi
297 939 398 1010 igressi,
411 939 559 1009 lumenque
571 940 687 995 obscura
698 938 846 995 vicissim'
893 990 898 1000 ,
952 943 989 995 80

133 1008 210 1079 Luna
222 1010 327 1079 premit,
341 1009 508 1079 suadentque
520 1008 646 1062 cadentia
658 1009 746 1063 sidera
759 1026 874 1082 somnos,

133 1077 194 1131 Sola
206 1077 285 1131 domo
298 1088 400 1132 moeret
413 1097 507 1149 vaona,
521 1079 665 1150 stratisque
678 1080 779 1134 relictis

55 1208 60 1219 ⁴
133 1147 255 1202 Incubet.
292 1145 373 1201 Illum
385 1149 484 1203 absens
495 1149 636 1207 absentem
649 1148 779 1219 auditque
791 1146 929 1222 videtque,

132 1220 189 1271 Aut
200 1217 302 1286 gremio
314 1218 470 1286 Ascanium,
483 1220 609 1288 genitoris
621 1219 738 1288 imagine
750 1229 838 1290 capta,

133 1288 250 1356 Detinet,
264 1287 406 1345 infandum
418 1291 439 1342 si
453 1289 546 1342 fallere
559 1289 641 1359 possit
653 1307 782 1343 amorem⁴
954 1293 989 1344 85

132 1358 194 1411 Non
206 1366 317 1428 coeptae
329 1358 476 1428 adsurgunt
488 1368 582 1429 turres,
594 1376 646 1411 non
659 1376 734 1412 arma
744 1354 873 1429 juventus

134 1428 257 1496 Exercet,
271 1437 396 1497 portusve
408 1438 454 1482 aut
467 1429 666 1499 propugnacula
677 1427 751 1482 bello

53 1550 57 1561 ,
132 1498 204 1550 Tuta
216 1506 325 1568 parant,
344 1497 463 1568 pendent
474 1515 556 1569 opera
568 1499 714 1567 interrupta
726 1498 872 1571 minaeque

132 1566 273 1622 Murorum
286 1568 408 1637 ingentes
419 1580 589 1639 aequataque
602 1569 727 1623 machina
740 1568 825 1621 coelo.

164 1637 254 1709 Quam
266 1636 347 1691 simul
359 1655 391 1692 ac
403 1639 450 1692 tali
462 1641 593 1708 persensit
606 1647 682 1708 peste
696 1637 783 1691 teneri
954 1643 989 1692 90

133 1707 200 1760 Cara
212 1706 287 1760 lovis
298 1708 421 1778 oon'unx,
435 1726 487 1762 nec
499 1708 603 1762 lamam
614 1708 720 1761 obstare
733 1707 822 1779 furori,

133 1776 245 1831 Talibus
257 1726 412 1847 adgretlitur
423 1779 559 1832 Venerem
571 1778 693 1832 Saturnia
704 1777 800 1830 dictis:

56 1908 62 1917 .
95 1912 99 1917 ᾖ
137 1847 295 1916 ‘Egregiam
307 1864 370 1900 vero
383 1844 492 1902 laudem
505 1856 533 1901 et
545 1849 629 1918 spolia
640 1846 732 1917 ampla
745 1846 849 1899 refertis

134 1916 229 1986 Tuque
241 1934 362 2039 puerque
375 1926 452 1987 tuus,
470 1935 601 1987 magnum
614 1926 641 1970 et
653 1915 830 1970 memorabile
842 1931 952 1986 nausea,

134 1986 194 2040 Una
207 1987 240 2040 do
252 2004 267 2039 o
279 1987 369 2040 divom
383 1987 404 2040 si
418 1987 520 2040 femina
532 1987 604 2040 victa
616 1987 731 2040 duorum
743 1994 791 2039 est.
954 1990 988 2040 05

134 2056 194 2110 Nec
205 2074 250 2110 me
263 2056 332 2109 adeo
345 2055 420 2127 fallit,
434 2057 548 2110 veritam
560 2066 587 2110 te
600 2057 706 2109 moenia
716 2069 807 2108 nostra

134 2126 280 2196 suspectas
290 2124 418 2179 habuisse
430 2127 525 2180 domos
537 2125 704 2195 Carthaginis
716 2125 796 2178 altae.

133 2195 187 2249 Sed
199 2192 260 2266 quis'
270 2197 320 2248 erit
332 2196 436 2267 modus,
450 2206 496 2249 aut
509 2213 561 2266 quo
572 2212 644 2249 nuno
656 2195 806 2248 certamina
817 2194 913 2251 tanta'l

133 2265 205 2323 Quin
217 2266 305 2336 potius
317 2283 414 2335 paoem
426 2276 565 2319 aeternam
579 2276 724 2334 pactosque
736 2264 905 2335 hymenaeos

134 2335 324 2389 Exereemust
360 2336 458 2405 Habes,
472 2345 526 2389 tota
538 2336 609 2405 quod
620 2345 712 2388 mente
724 2334 830 2405 petisti:
940 2330 989 2389 100

132 2404 218 2459 Ardet
229 2404 405 2458 amans¹Dido
419 2407 551 2475 traxitque
564 2422 611 2474 per
623 2409 684 2457 oss'a
697 2404 822 2467 furorem.

132 2476 311 2529 Communem
324 2473 397 2528 hunc
409 2492 471 2543 ergo
484 2474 611 2545 populum
625 2474 786 2544 paribusque
800 2489 928 2543 regamus

90 2610 130 2658 tt.
148 2604 267 2654 Dictaeos.
300 2607 347 2654 See
359 2618 383 2655 nt
395 2607 447 2655 Esl.
460 2607 492 2656 vi.
504 2611 623 2656 sta-75.
641 2606 764 2655 Sidonios.
792 2602 848 2654 The
861 2600 989 2674 Cartbagi-

58 2666 134 2717 nians
148 2665 197 2713 had
213 2681 283 2713 corne
299 2666 361 2713 l'rom
379 2666 462 2722 Sidon,
481 2667 563 2714 which
583 2666 624 2714 Vir
642 2666 659 2715 il
675 2681 732 2713 uses
749 2664 914 2726 indifferently
929 2662 990 2713 with

58 2726 141 2786 Tyro,
161 2724 223 2773 both
242 2725 317 2785 being
336 2725 485 2774 Plroenioian
504 2726 583 2775 citios.
635 2741 664 2773 ee
680 2725 695 2773 i.
713 2727 848 2773 usa—77.
867 2723 990 2775 Construe

57 2788 142 2834 adan
153 2784 214 2832 with
222 2786 424 2834 connium-78.
441 2785 539 2834 lterum.
572 2785 620 2834 Sec
636 2783 684 2833 end
699 2783 728 2831 of
740 2783 766 2841 i.‚
779 2780 828 2832 aud
844 2784 885 2832 tlte
901 2784 927 2833 ii.
942 2783 992 2833 and

57 2844 95 2894 iii.
107 2843 277 2896 heom-so.
293 2843 387 2892 Lemma
397 2860 479 2893 suurn.
488 2848 559 2892 -81,
576 2845 740 2904 διιαᾱιπιφισ,
754 2842 803 2890 doc.
832 2842 884 2911 'See
895 2842 919 2890 ii.
931 2845 993 2912 95·-

57 2908 100 2954 82.
116 2901 229 2959 Relictis,
243 2903 269 2950 in‘
278 2902 378 2965 theone
389 2903 480 2960 clause,
493 2919 575 2952 seems
587 2915 613 2952 to
624 2906 654 2951 be
665 2901 795 2961 compared
805 2902 865 2949 with
876 2919 952 2950 occsa
966 2917 992 2961 tu

57 2963 104 3012 tbe
115 2960 196 3018 other,
209 2963 257 3010 and
268 2972 294 3010 to
305 2962 368 3011 reler
379 2972 404 3011 to
416 2962 457 3013 the
468 2963 548 3011 desire
559 2963 588 3011 of
599 2963 732 3022 appensing
743 2961 785 3008 the
796 2975 869 3008 sense
880 2960 909 3009 of
918 2960 978 3011 desc

57 3022 139 3072 lation
150 3020 194 3069 felt
204 3022 229 3069 in
237 3021 280 3070 the
291 3024 396 3071 absence
405 3021 433 3070 of
441 3039 455 3071 a
463 3022 566 3071 beloved
575 3021 746 3082 object-here
755 3020 845 3069 relictis
854 3021 884 3067 ab
894 3020 990 3068 Aenea.

56 3085 138 3130 -86,
156 3079 213 3129 The
225 3080 316 3139 works,
330 3097 358 3129 so
369 3081 463 3150 vividly
474 3080 603 3130 described
618 3081 634 3130 i.
645 3083 698 3136 423,
713 3079 772 3134 aa,
785 3093 826 3126 arc
842 3078 990 3138 suspended.

57 3144 137 3198 -93,
150 3139 200 3189 tre.
218 3139 319 3200 Spolren
330 3141 546 3201 ironroally.-94.
563 3139 718 3189 Mensorabile
727 3150 765 3185 est
775 3146 863 3185 acmen
871 3149 990 3187 vestrum.

57 3203 136 3249 -96.
154 3200 230 3256 Adeo,
249 3210 275 3247 to
293 3200 336 3247 the
352 3199 442 3260 degree
461 3201 513 3248 that
532 3216 582 3261 you
600 3214 714 3266 suppose.
746 3197 794 3244 See
811 3199 864 3244 533.
895 3194 992 3245 Fallere

58 3259 207 3309 sometimes
223 3275 309 3307 means
328 3264 367 3307 ‘to
383 3259 455 3308 elude
472 3260 569 3308 notice.’
594 3259 642 3306 See
655 3273 688 3305 rx.
699 3257 836 3305 sta-97.
852 3255 990 3316 Suspectus.

59 3320 110 3369 See
128 3319 144 3369 i.
161 3322 217 3375 670,
237 3317 374 3369 doe—98.
398 3318 535 3367 Certamiao
555 3317 768 3365 tendum-102.
787 3312 854 3361 Juno
872 3325 991 3381 proposes

59 3379 115 3428 that
125 3377 172 3427 she
183 3376 231 3427 sud
243 3377 329 3427 Venus
340 3377 405 3428 shall
415 3378 513 3440 preside
524 3392 583 3426 over
594 3375 637 3425 tho
647 3372 733 3424 united
742 3371 840 3423 natione
846 3371 908 3421 with
918 3365 992 3428 squsl

46 3437 362 3503 ‚wuorandprotsotton
915 3480 918 3485 r
