2320 3744
542 244 640 287 creua
656 246 697 288 tr.
1021 234 1082 293 >loz

224 376 276 430 Seu
290 375 363 428 lento
375 373 473 427 suerint
485 374 605 428 alvearia
615 375 717 429 vimine
729 381 812 444 texta,

224 450 361 512 Angustos
372 444 489 496 habeant
501 444 607 497 aditus:
629 463 690 498 nam
705 445 800 512 frigore
812 443 896 497 mella
1047 451 1079 499 35

223 515 301 582 Cogit
315 515 410 583 hiems,
425 514 576 582 eademqne
589 515 660 568 calor
672 515 817 583 liquefacta
830 515 949 568 remittit.

222 585 343 652 Utraque
355 585 397 636 vis
409 583 506 651 apibus
519 584 616 652 pariter
628 584 776 637 metuenda
783 601 793 653 3
811 601 899 654 neque
911 585 975 640 illae

222 653 415 722 Nequidquam
429 653 455 705 in
468 654 546 706 tectis
558 654 680 707 certatim
695 654 786 706 tenuia
798 671 861 706 cera

222 722 394 791 Spitamenta
405 722 499 790 linunt,
513 723 629 792 lucoque
642 732 669 776 et
681 723 790 776 floribus
801 740 863 776 ores

223 791 348 860 Explent,
362 791 558 860 collectumque
571 792 640 847 haec
653 793 711 862 ipsa
722 792 757 845 ad
770 809 881 846 munera
892 792 986 860 gluten
1045 797 1080 848 td

223 861 258 914 Et
272 862 346 912 visco
359 870 386 912 et
400 860 452 914 Phr
464 862 532 929 rgiae
545 870 651 915 serrant
663 863 723 932 pice
734 861 834 916 lentius
846 861 919 916 ldae.

223 929 309 999 Saepe
322 931 405 983 etiarn
418 948 433 982 e
456 930 529 999 ossis,
544 933 565 982 si
578 949 643 984 vera
655 940 697 985 est
709 930 789 1001 lama,
803 931 915 986 latebris

223 998 277 1052 Sub
284 1008 359 1052 terra
371 1000 460 1053 lovere
473 999 566 1070 larem,
579 1002 739 1070 penitusque
752 1011 873 1071 repertae

223 1069 437 1138 Pumicihusque
449 1069 524 1122 cavis
535 1087 688 1139 exesaeque
700 1070 800 1125 arboris
811 1080 895 1125 antro.

222 1138 263 1191 Tu
277 1148 369 1191 tamen
382 1155 398 1190 e
410 1138 465 1192 levi
478 1140 575 1193 rimosa
586 1140 686 1193 cubilia
698 1139 761 1193 limo
1044 1145 1080 1196 to

221 1208 319 1277 Ungue
332 1208 427 1262 fovens
437 1209 547 1277 circum,
561 1217 588 1262 et
601 1227 672 1263 raras
685 1209 846 1279 superinjice
860 1209 967 1263 frondis.

221 1277 283 1331 Neu
316 1278 405 1347 ropius
417 1278 495 1335 tectis
508 1288 599 1332 taxum
611 1280 678 1347 sine,
692 1296 761 1332 neve
775 1279 894 1332 rubentis

222 1346 277 1401 Ure
289 1295 349 1400 dieo
360 1363 479 1416 cancros,
492 1347 564 1400 altae
577 1366 630 1400 neu
642 1348 723 1401 crede
736 1346 834 1418 paludi,
901 1361 903 1364 ⁴

222 1419 277 1470 Aut
288 1417 334 1470 ubi
347 1417 412 1470 odor
424 1418 502 1470 caeni
514 1417 611 1486 gravis,
623 1428 670 1471 aut
682 1418 727 1470 ubi
741 1434 860 1470 concava
871 1417 951 1487 pulsu
1077 1475 1096 1481 -

222 1486 292 1540 Sarra
304 1498 398 1540 sonant
412 1486 538 1557 vocisque
550 1487 654 1540 offensa
666 1488 776 1540 resultat
791 1487 887 1555 imago.
1046 1491 1080 1540 50

257 1555 336 1615 Quod
349 1565 478 1625 superest,
492 1557 538 1610 ubi
551 1557 658 1626 pulsam
670 1556 791 1610 hiemem
803 1557 845 1609 Sol
859 1573 959 1610 aureus
971 1556 1028 1626 egit

222 1624 277 1679 Sub
289 1634 380 1694 terras,
395 1625 556 1695 coelumque
568 1627 673 1679 aestiva
685 1627 745 1680 luce
758 1627 874 1696 reclusit,

221 1694 287 1747 Illae
299 1697 426 1749 continuo
438 1696 522 1748 saltus
534 1696 672 1765 silvasque
684 1704 832 1765 peragrant,

222 1764 426 1834 Purpureusque
438 1774 544 1818 metunt
557 1766 642 1833 flores,
657 1774 684 1818 et
696 1766 808 1818 flumina
821 1766 904 1818 libant

221 1833 430 1887 Summaleves.
467 1835 537 1888 Hinc
550 1836 639 1888 nescio
652 1853 705 1904 qua
718 1834 861 1889 dulcedine
874 1833 960 1887 laetae
987 1848 994 1861 ·
1042 1837 1076 1887 55

222 1903 382 1971 Progeniem
396 1903 526 1974 nidosque
539 1905 637 1974 forent,
652 1905 715 1957 hinc
726 1914 783 1956 arte
797 1905 911 1957 recentis

222 1972 367 2026 Excedunt
379 1990 456 2026 ceras
468 1983 495 2026 et
508 1975 591 2027 mella
603 1975 708 2027 tenacia
722 1974 833 2042 fingunt.

221 2041 290 2095 Hinc
302 2042 349 2097 ubi
361 2042 416 2112 J'am
430 2043 560 2097 emissum
574 2044 665 2097 caveis
676 2043 710 2096 ad
724 2044 812 2096 sidera
824 2041 892 2095 coeli

221 2111 295 2165 Nare
307 2129 355 2182 per
366 2122 497 2166 aestatem
511 2112 641 2183 liquidam
655 2114 809 2182 suspexeris
820 2129 927 2182 agmen,

221 2181 424 2251 Obscuramque
438 2183 504 2234 trahi
519 2194 598 2235 vento
611 2182 744 2236 mirabere
757 2181 866 2251 nubem,
1042 2184 1078 2234 60

223 2250 435 2321 Contemplator:
454 2268 539 2320 aquas
550 2253 637 2305 doleis
649 2262 676 2304 et
688 2251 798 2306 frondea
809 2268 918 2321 semper

222 2319 307 2374 Tecta
319 2329 422 2391 petunt.
460 2322 520 2374 Huc
531 2332 559 2374 tu
571 2321 660 2391 jussos
670 2322 802 2391 adsperge
814 2338 930 2391 sapores,

222 2389 297 2443 Trita
309 2391 483 2461 melisphylla
494 2400 521 2444 et
534 2391 670 2445 cerinthae
684 2391 800 2459 ignobile
811 2408 931 2458 gramen,

221 2459 398 2530 Tinnitusque
409 2461 453 2514 oie
466 2469 493 2513 et
505 2462 602 2514 Matris
613 2470 695 2530 quate
707 2459 834 2530 cymbala
845 2461 961 2513 circum:

221 2528 299 2598 Ipsae
311 2529 452 2584 consident
465 2530 606 2584 medicatis
618 2530 742 2599 sedibus3
761 2531 836 2599 ipsae
1044 2530 1079 2580 6⁵

222 2598 320 2652 Intima
332 2616 407 2652 more
420 2617 468 2652 suo
481 2617 542 2652 sese
555 2601 581 2653 in
595 2600 729 2653 cunabula
741 2597 866 2652 condent.

257 2668 301 2721 Sin
313 2678 405 2722 autem
418 2669 452 2721 ad
467 2687 582 2739 pugnam
597 2670 809 2739 exierint-nam
821 2682 903 2736 saepe
915 2663 1021 2719 dnobus

222 2736 341 2806 Regibus
353 2739 461 2793 incessit
473 2756 571 2808 magno
582 2738 715 2793 discordia
726 2746 801 2790 motu
808 2754 816 2806 3

223 2807 409 2877 Continuoque
420 2809 524 2862 animos
537 2808 607 2876 volgi
619 2817 646 2861 et
658 2807 821 2878 trepidantia
831 2804 904 2859 bello

222 2875 308 2929 Corda
321 2877 386 2931 licet
398 2877 476 2946 longe
488 2879 685 2947 praesciscere;
704 2893 821 2945 namque
834 2875 963 2928 morantis
1043 2876 1079 2927 70

221 2944 339 3000 Martius
351 2946 395 3000 ille
406 2948 477 3001 aeris
489 2947 560 3000 rauci
573 2963 654 3000 canor
665 2949 792 3015 inorepat,
806 2952 833 2998 et
845 2961 898 2998 vox
965 2998 971 3009 ,

221 3016 339 3069 Auditur
351 3016 449 3069 fractos
461 3017 563 3069 sonitus
575 3017 680 3071 imitata
692 3016 832 3082 tubarnm3

204 3084 293 3146 ‚Tum
307 3085 425 3155 trepidae
437 3084 507 3139 inter
520 3102 550 3138 se
562 3091 667 3153 coeunt
681 3084 831 3154 pennisque
844 3078 992 3152 cornisam,
1056 3100 1058 3104 ⁴

221 3155 383 3224 Spiculaque
396 3163 532 3208 exacuunt
545 3155 642 3223 rostris,
655 3164 803 3223 aptantque
815 3152 936 3220 lacertos,

220 3226 341 3317 Et'circa
353 3242 445 3293 regem
458 3234 539 3293 atque
553 3225 559 3276 i
562 3242 610 3293 psa
621 3223 656 3276 ed
668 3222 799 3293 praetoria
811 3221 912 3274 densae
1041 3221 1076 3272 75

149 3326 219 3336 μ..-

174 3373 264 3422 47-50.
282 3369 384 3418 certain
395 3368 479 3430 things
490 3378 517 3417 to
525 3370 556 3416 be
565 3367 677 3416 avoided.
684 3368 806 3414 -51-66.
823 3364 888 3413 How
898 3373 925 3412 to
935 3363 1022 3418 induce
1033 3361 1076 3408 the

143 3432 209 3481 bees
219 3439 248 3478 to
256 3429 332 3479 settle
343 3430 417 3477 when
427 3429 474 3477 the
499 3429 566 3476 issue
577 3427 641 3475 forth
652 3427 678 3474 in
688 3425 756 3485 early
766 3424 858 3485 spring.
896 3426 926 3471 67
935 3424 981 3469 -94,
999 3418 1073 3467 wne

142 3500 173 3540 te
183 3488 217 3539 do
227 3489 304 3540 when
313 3488 356 3538 the
368 3490 428 3539 bees
438 3443 502 3549 figlr
513 3486 590 3537 under
600 3485 662 3536 rival
673 3485 756 3545 iringa.
