2242 3826
477 223 639 267 sauatuos.

162 355 286 410 Necnon
300 351 442 407 Euanthen
455 350 609 420 Phrygium,
624 350 780 421 Paridisque
793 351 926 406 Mimanta

163 424 317 493 Aequalem
327 423 518 489 comitemque,
533 437 585 472 una
597 437 681 490 quem
693 436 769 474 nocte
781 422 892 474 Theano
967 464 969 471 ,

163 494 194 551 Ιιι
207 494 297 546 lucem
308 490 423 560 genitori
436 495 540 558 Amyco
552 490 633 558 dedit,
647 499 674 542 et
686 490 747 543 face
760 507 910 560 praegnans

163 564 264 617 Cisseis
277 563 366 629 regina
380 561 485 627 Parim3
504 559 578 611 Paris
591 560 655 612 urbe
668 571 779 628 paterna
962 562 1004 612 lot

162 632 291 699 Occubat,
306 633 426 698 ignarum
440 631 558 682 Laurens
571 629 650 681 habet
664 646 709 681 ora
722 631 864 683 Mimanta.

162 704 204 756 Ac
217 701 290 753 velut
303 700 348 752 ille
360 716 458 752 canum
472 714 560 750 morsu
573 697 607 749 de
620 699 756 751 montibus
767 697 830 752 altis

163 773 249 824 Actus
261 787 332 839 aper,
346 768 443 822 multos
456 767 572 821 Vesulus
583 784 664 836 quem
678 769 774 837 pinifer
784 784 869 821 annos

162 839 297 907 Defendit,
310 838 463 906 multosque
475 837 553 906 palus
566 837 716 906 Laurentia,
730 837 799 890 silva

162 908 259 962 Paetus
269 907 425 974 arundinea,
440 917 581 976 postquam
596 907 664 959 iuter
677 908 742 960 retia
755 916 865 960 ventum
877 913 928 976 est,
963 909 1010 959 710

163 976 293 1045 Substitit,
308 975 498 1044 infremuitque
511 975 586 1028 ferox
598 986 625 1028 et
638 976 765 1029 inhorruit
776 992 887 1046 armos,

162 1048 222 1101 Nec
234 1047 359 1115 cuiquam
374 1045 450 1098 irasci
462 1045 604 1115 propiusve
616 1046 747 1097 accedere
760 1046 851 1114 virtus,

163 1116 215 1169 Sed
227 1115 324 1186 jaculis
336 1116 453 1183 tutisque
466 1114 555 1183 procul
568 1113 730 1168 clamoribus
743 1116 839 1167 instant
847 1131 855 1182 ς

162 1185 211 1240 llle
222 1193 314 1248 autern
328 1183 480 1254 impavidus
491 1185 574 1252 partis
585 1193 728 1237 cunctatur
739 1186 766 1237 in
776 1185 873 1253 omnis,

163 1254 295 1308 Dentibus
306 1252 468 1321 infrendens,
482 1261 508 1305 et
521 1263 594 1321 tergo
607 1253 709 1306 decutit
722 1253 827 1307 hastas:
963 1253 1013 1305 715

162 1322 241 1377 Haud
254 1324 338 1392 aliter,
350 1323 438 1393 justae
450 1321 548 1391 quibus
560 1332 601 1375 est
613 1323 767 1375 Mezentius
779 1323 842 1392 irae,

163 1393 225 1447 Non
239 1393 285 1446 ulli
298 1403 338 1445 est
350 1393 457 1445 animus
469 1393 559 1444 stricto
572 1409 727 1445 concurrere
740 1391 823 1462 ferr03

163 1462 314 1516 Missilibus
326 1462 403 1530 longe
417 1471 443 1514 et
456 1470 530 1513 nasto
543 1460 659 1514 clamore
672 1461 815 1514 lacessunt

163 1528 280 1583 Venerat
292 1533 410 1600 antiquis
421 1529 530 1600 Corythi
542 1530 577 1583 de
590 1531 688 1583 finibus
701 1534 797 1600 Acron,

163 1600 259 1652 Graius
271 1599 358 1667 homo,
369 1599 483 1653 infectos
494 1597 618 1669 linquens
650 1599 757 1669 rofngus
769 1601 935 1670 hymenaeos
942 1614 952 1669 ς
963 1602 1016 1651 720

163 1668 241 1723 Hunc
255 1669 299 1722 ubi
311 1669 471 1722 miscentem
484 1668 562 1738 longe
574 1619 665 1722 media
676 1671 785 1737 agmina
799 1668 875 1739 vidit,

163 1738 332 1808 Purpureum
375 1738 439 1791 onis
451 1748 478 1791 et
544 1748 586 1791 tae
598 1737 721 1807 conjugis
732 1748 816 1791 ostro:

163 1807 298 1877 Impastus
309 1817 350 1860 sta
370 1808 414 1860 ula
426 1807 481 1860 alta
504 1825 535 1859 eo
548 1824 598 1860 ceu
612 1825 693 1877 saepe
706 1824 858 1879 peragrans,
888 1871 890 1875 .

163 1876 264 1933 Suadet
275 1878 348 1931 enim
362 1894 462 1929 vesana
474 1876 568 1945 fames,
582 1877 605 1930 ei
619 1878 684 1929 forte
696 1877 823 1945 fugacem

164 1947 233 1999 Coos
269 1948 307 2000 xit
319 1963 452 2016 capream,
463 1956 508 1999 aut
518 1956 672 2014 surgentem
682 1945 707 1998 in
717 1963 816 1999 cornua
824 1962 948 2016 cerrum,
965 1948 1020 1998 720

164 1964 269 2068 (taedii
292 2016 368 2070 hians
380 2017 507 2082 immane,
520 2032 665 2084 comasque
676 2016 782 2084 arrexit,
796 2024 823 2068 et
835 2015 929 2068 haeret

164 2083 318 2206 gisceribus
331 2103 410 2156 super
423 2085 582 2139 incumbens
588 2101 597 2155 3
615 2085 679 2138 lavit
692 2085 814 2154 improba
826 2094 895 2139 teter

188 2170 317 2207 racrnor:

164 2221 208 2274 Sic
220 2222 271 2275 ruit
284 2223 312 2275 in
324 2221 421 2275 densos
433 2222 522 2274 alacer
535 2222 689 2277 Mezentius
701 2221 794 2277 hostis.

127 2310 130 2315 ’
165 2289 293 2347 Sternitur
306 2291 399 2346 infelix
411 2297 506 2361 Acron,
519 2302 546 2345 et
558 2292 679 2345 calcibus
691 2301 778 2346 atram
967 2297 1025 2347 730

165 2360 263 2414 Tundit
276 2361 390 2415 humum
403 2362 548 2431 exspirans,
562 2361 728 2430 infractaque
741 2362 795 2414 tela
806 2369 938 2416 cruentat.

164 2432 253 2499 Atque
266 2431 338 2484 idem
350 2431 500 2499 fugientem
512 2429 583 2483 haud
597 2440 639 2484 est
651 2431 778 2499 dignatus
789 2431 894 2484 Oroden

101 2543 103 2547 .
164 2498 295 2568 Sternere,
309 2517 360 2553 nec
371 2499 442 2569 jacta
454 2516 567 2553 caecum
579 2499 643 2552 dare
655 2501 768 2569 cuspide
780 2499 879 2554 vulnus
885 2517 894 2571 3

160 2567 262 2621 Obvius
273 2569 370 2622 advers
407 2586 439 2621 ue
452 2571 572 2638 occurrit,
586 2587 616 2622 se
636 2586 670 2622 ue
684 2570 737 2622 viro
750 2570 790 2622 vir

164 2638 288 2707 Contulit,
303 2638 372 2692 haud
399 2647 456 2690 urto
469 2637 570 2706 melior,
584 2586 633 2691 sed

164 2706 234 2759 Tum
248 2725 327 2777 super
339 2707 477 2777 abjectum
489 2708 574 2776 posito
586 2706 657 2777 pede
670 2706 747 2760 nixus
759 2718 786 2760 et
800 2707 892 2760 hasta:

165 2775 247 2829 ‘Pars
258 2776 322 2829 belli
335 2775 407 2829 haud
421 2776 573 2846 temnenda,
587 2776 643 2845 riri,
656 2775 727 2846 jacet
739 2777 810 2830 altus
820 2777 943 2830 Orodes.²

164 2843 338 2898 Conclamant
351 2845 416 2911 socii
429 2845 530 2897 laetum
542 2862 646 2914 paeana
658 2846 751 2899 secuti.

165 2913 213 2965 Ille
226 2922 320 2968 autem
332 2915 485 2983 exspirans:
507 2915 581 2967 ‘Non
593 2930 646 2982 me,
660 2913 824 2985 quicumque
836 2931 873 2985 es,
887 2914 987 2985 inulto,

124 3045 177 3089 705.
197 3041 297 3090 Οἰιεεῖι,
330 3043 377 3090 See
389 3052 413 3090 at
424 3043 465 3090 vii.
477 3046 626 3091 tuoe-707.
644 3041 697 3098 Ille,
710 3043 839 3104 prepuring
849 3043 891 3091 the
901 3043 975 3092 mind
988 3044 1030 3091 for

92 3112 167 3155 quem.
183 3098 328 3150 tre—tos.
350 3101 462 3157 Vesulus,
476 3117 521 3169 one
532 3101 561 3169 of
573 3102 614 3149 the
628 3101 727 3150 Cottian
739 3103 813 3171 stips,
825 3103 867 3150 the
883 3119 976 3151 source
995 3102 1027 3151 of

93 3153 289 3261 ἓξὲξῒῂ-ῂέθθ
299 3159 517 3265 Mhii'coMllallve
534 3177 559 3207 m
574 3164 707 3221 multosque
722 3172 803 3221 points
818 3173 861 3210 out
877 3162 931 3210 that
948 3162 1031 3210 there

94 3229 449 3343 Laurentumimuiliersliead
460 3278 589 3326 multosve.
598 3283 687 3327 -711,
704 3279 827 3329 Irrliorruit
843 3297 930 3328 armos.
964 3279 1032 3328 The

95 3331 231 3415 {causative
243 3331 271 3376 of
277 3331 414 3382 limitation.
443 3335 498 3383 The
509 3338 651 3407 expression
662 3338 739 3408 refers
750 3350 777 3386 to
787 3340 828 3388 the
839 3340 932 3400 raising
941 3339 975 3387 of
982 3339 1033 3409 the

60 3444 62 3459 Ι
95 3381 298 3484 εἶὲἳὲιῑῑῗῑθε.
308 3395 398 3460 7719.
418 3393 524 3463 Corythi,
540 3396 588 3443 dac.
622 3397 726 3446 Etruria.
760 3398 807 3446 See
824 3408 849 3446 at
864 3414 887 3459 p.
903 3398 1032 3468 18⁰,lruu

254 3447 356 3504 'Mum
366 3451 399 3508 by
411 3451 452 3499 the
463 3468 533 3502 mers.
540 3477 572 3488 -
579 3458 633 3504 726.
650 3455 762 3506 Immone.
793 3458 842 3506 See
853 3467 877 3507 at
889 3456 944 3507 aet
953 3474 994 3506 ιιι.
1003 3458 1033 3505 Β.

437 3234 481 3266 ons
495 3219 603 3268 Vesulus
615 3220 661 3268 and
673 3221 698 3268 in
709 3222 751 3269 the
762 3222 861 3281 marshy
870 3221 924 3269 fens
940 3219 1031 3269 round
1114 3256 1115 3261 ,

645 2638 757 2692 fortibus
768 2638 858 2708 armis,
967 2642 1027 2692 ’735
1114 2608 1115 2611 =

1101 3336 1115 3788 i
