2320 3744
534 218 628 259 ursen
648 220 684 271 rs
1020 200 1068 261 „a

210 349 281 408 Quin
293 347 377 400 etiam
388 346 458 417 ooeli
470 347 606 416 regionem
620 346 646 401 in
658 347 758 401 eortioe
769 349 882 418 signant,

213 419 255 482 Ut,
269 430 321 486 quo
334 433 459 486 quaeque
472 418 550 470 modo
563 418 673 484 steterit,
687 434 742 486 qua
753 429 828 488 parte
841 419 944 472 calores
1015 420 1066 470 27⁰

209 487 352 544 Austrinos
364 487 461 554 tulerit,
475 503 545 556 quae
558 497 633 555 tergo
645 488 788 540 obverterit
799 488 853 558 axi,

210 556 371 610 Restituent.
408 555 485 609 Adeo
497 557 522 609 in
537 557 638 609 teneris
649 572 826 610 eonsuesoere
838 558 955 611 multum
967 563 1018 610 est.

245 625 372 694 Collibus,
385 641 421 678 an
433 625 511 695 piano
523 626 621 678 meiius
633 627 667 678 sit
680 642 778 696 ponere
790 626 882 696 vitem,

209 694 316 754 Quaere
328 695 410 763 prius.
447 695 473 748 Si
485 694 592 765 pinguis
603 711 682 762 egros
693 695 833 749 metabere
845 696 942 765 compi,

210 765 303 817 Densa
315 780 382 832 sere,
396 765 422 817 in
433 764 517 817 denso
530 782 583 817 non
594 766 700 831 segnior
711 765 795 818 ubere
807 765 930 819 Bseehus
937 782 945 836 3
1010 767 1062 816 275

210 833 254 886 Sin
267 833 379 886 tumulis
390 833 493 886 acelive
506 835 593 886 solum
605 834 736 904 eoiiisque
747 835 864 905 supinos,

210 903 323 970 Induige
335 902 479 973 ordinibus,
493 916 544 955 nee
556 904 646 956 secius
654 905 741 956 omnis
754 905 780 956 in
793 921 913 974 unguem

209 972 358 1025 Arboribus
371 973 464 1042 positis
475 983 549 1025 seete
560 973 604 1025 rie
615 971 701 1025 iimite
714 973 835 1042 quadret.

172 1078 177 1086 ·
212 1041 246 1095 Ut
257 1056 341 1110 saepe
353 1041 452 1110 ingenti
465 1041 536 1095 beilo
547 1058 611 1095 oum
624 1042 702 1110 longe
714 1042 832 1096 cohortis

177 1150 180 1153 -
209 1111 347 1180 Expiiouit
359 1111 436 1180 legio,
451 1119 478 1163 et
490 1124 585 1180 eampo
598 1114 671 1164 stetit
682 1128 780 1180 agmen
793 1120 893 1184 operto,
1012 1118 1064 1170 280

171 1211 185 1223 κ
210 1180 390 1249 Direotaeqne
402 1181 482 1247 acies,
496 1197 529 1233 eo
541 1181 594 1232 lete
607 1181 719 1234 fluctuat
731 1183 818 1234 omnis

210 1251 282 1302 Aere
293 1249 424 1302 renidenti
437 1249 525 1318 tellus,
537 1266 589 1302 neo
601 1249 667 1302 dnm
679 1250 787 1302 horride
797 1250 913 1304 misoent
981 1248 984 1258 '

210 1318 321 1386 Proelia,
334 1319 382 1372 sed
395 1318 493 1371 dubius
504 1318 604 1372 mediis
616 1320 692 1372 Mars
703 1322 772 1372 errat
784 1319 812 1372 in
823 1321 921 1373 ermis:

210 1387 310 1441 Omnia
321 1387 373 1441 sint
386 1387 494 1457 peribus
506 1390 626 1441 numeris
637 1388 761 1441 dimenso
769 1389 889 1457 viarum3
951 1408 955 1415 ·

210 1457 271 1510 Non
282 1457 405 1511 animum
416 1457 496 1509 modo
509 1457 547 1509 uti
560 1466 654 1526 paseat
665 1465 822 1527 prospectus
834 1459 949 1530 inanem,
1012 1465 1063 1515 285

210 1525 264 1579 Sed
276 1527 339 1595 quie
351 1543 403 1579 non
414 1526 492 1578 siiter
503 1527 575 1579 vires
586 1526 661 1580 debit
673 1528 826 1580 omnibusa
863 1544 912 1581 uas

209 1595 302 1664 Terra,
315 1612 403 1666 neque
416 1596 444 1648 iu
455 1612 572 1649 vaenum
585 1604 709 1665 poterunt
722 1613 752 1649 se
764 1605 843 1650 exten
865 1615 910 1650 ere
923 1600 999 1653 rami.

246 1664 371 1730 Forsitan
379 1673 414 1734 et,
427 1665 567 1718 sorobibus
578 1681 649 1734 quae
662 1666 715 1718 sint
728 1665 844 1737 fastigia,
859 1680 981 1737 quaeras.

210 1735 308 1788 Ausim
320 1734 365 1787 vel
376 1735 450 1787 tenui
463 1735 547 1786 ritem
560 1734 729 1788 committere
742 1735 825 1788 sulco.

209 1804 459 1883 Altioreopenitus
470 1812 557 1856 terrae
569 1802 695 1871 defigitur
705 1804 820 1857 arbos-
1011 1811 1063 1860 290

209 1873 346 1928 Aesculus
358 1889 384 1925 m
396 1872 589 1943 primiesqnae,
601 1885 732 1941 quantum
746 1872 848 1926 vertiee
861 1873 895 1926 ed
907 1891 986 1928 auras

210 1943 363 2010 Aetherius,
376 1950 481 1995 tanturn
496 1943 584 1994 rariiee
599 1942 624 1994 in
637 1943 748 1995 Tartara
759 1942 853 1995 tendit.

211 2012 283 2080 Ergo
295 2028 347 2064 non
361 2011 467 2064 hiemes
479 2012 561 2080 iliam,
574 2027 627 2064 non
639 2011 725 2065 flabra
737 2027 825 2080 neque
839 2011 939 2066 imbres

210 2081 384 2149 Conveliunt;
402 2082 515 2133 immota
527 2088 626 2150 munet,
638 2081 792 2150 multosque
803 2090 923 2151 nepotes,

210 2150 301 2204 Multa
312 2151 399 2203 virum
411 2150 523 2203 roirens
535 2150 655 2203 durando
667 2151 776 2203 soeeuie
787 2151 884 2222 vinei13
1012 2157 1064 2207 295

210 2220 283 2273 Tum
295 2219 370 2272 sortis
382 2219 436 2272 late
449 2234 537 2272 remos
548 2224 576 2272 et
587 2219 698 2272 braehie
711 2219 824 2273 tendens

133 2320 135 2325 ·
177 2324 180 2331 ·
210 2289 272 2342 Huo
281 2288 357 2356 illue,
370 2289 463 2342 medie
476 2289 534 2358 ipsa
547 2289 684 2358 ingentem
697 2290 810 2342 sustinet
821 2289 956 2345 umbram.

244 2360 324 2412 Neve
336 2358 385 2411 tibi
396 2358 431 2412 ed
444 2358 530 2411 solem
540 2368 652 2426 vergunt
663 2359 754 2411 vineta
765 2358 924 2430 cadentem3

209 2429 289 2483 Neve
301 2428 371 2480 inter
381 2428 444 2480 ritis
454 2427 576 2497 corylum
588 2444 649 2480 sere
656 2444 664 2496 3
680 2444 752 2480 neve
764 2427 872 2494 flagella

209 2498 323 2552 Summe
334 2504 405 2567 pete,
415 2505 462 2549 eut
474 2513 582 2550 summe
589 2496 711 2565 defringe
723 2514 758 2550 ex
769 2497 863 2549 arbore
874 2497 995 2568 plantas:
1013 2503 1064 2552 ³00

209 2567 314 2620 Tantus
323 2582 400 2620 emor
410 2565 512 2620 terrae!
533 2582 586 2620 neu
600 2565 668 2619 ferro
681 2565 759 2619 laede
772 2576 878 2618 retunso

209 2636 334 2704 Semina3
352 2651 422 2688 neve
434 2635 494 2688 olea
506 2636 637 2688 silvestris
648 2636 734 2689 insere
748 2645 871 2688 trunoos:

209 2706 282 2759 Nem
292 2720 377 2784 saepe
388 2705 506 2758 incentis
515 2704 667 2774 pastoribus
677 2705 775 2758 excidit
787 2704 865 2774 ignis,

208 2775 270 2844 Qui,
284 2774 376 2828 iurum
388 2775 482 2844 pingui
494 2773 613 2845 primum
624 2774 676 2827 sub
687 2774 787 2828 eortioe
799 2783 894 2845 teotus,

208 2844 315 2898 Robora
326 2843 501 2913 eompreudit‚
515 2843 678 2912 frondesque
689 2844 798 2912 elapsus
809 2843 836 2896 in
848 2845 917 2898 altas
1012 2848 1063 2899 305

209 2914 352 2983 ingentem
364 2913 440 2966 ooelo
452 2913 568 2966 sonitum
581 2911 672 2981 dedit;
690 2913 754 2966 inde
765 2921 877 2966 secutus

209 2983 261 3041 Per
271 2998 365 3037 remos
374 2983 460 3036 vietor
471 2998 572 3052 perque
584 2981 639 3034 alte
650 2983 793 3035 oeeumine
804 2995 906 3051 regnet,

208 3051 245 3106 Et
257 3062 343 3105 totum
355 3051 467 3105 involvit
478 3051 598 3114 flammis
609 3068 713 3119 nemus,
727 3063 754 3104 et
767 3050 819 3104 ruit
831 3061 919 3108 otram

208 3120 252 3175 Ad
264 3121 382 3191 eoelum,
395 3121 474 3190 pioee
486 3136 592 3174 eramus
602 3121 726 3189 ealigine,
740 3121 840 3174 nubem
846 3137 855 3190 3

208 3190 372 3244 Praesertim
384 3193 407 3243 si
420 3190 711 3259 tempestaseverrioe
723 3190 800 3242 silvis
980 3224 984 3231 ·
1014 3195 1065 3245 310

208 3258 343 3331 Incubuit,
356 3259 541 3329 glomeratque
554 3260 644 3312 ferens
655 3259 781 3312 incendia
792 3267 898 3313 ventus.
954 3320 957 3327 ¹

125 3412 134 3433 ·-
163 3394 284 3445 ers-287.
299 3392 340 3441 Ae
351 3401 378 3440 to
386 3391 429 3440 the
437 3390 509 3440 mode
518 3391 546 3439 oi
553 3390 830 3455 plenting.-288-314.
842 3390 947 3441 Verious
959 3391 1063 3440 instruo·

135 3451 205 3503 tione
215 3451 261 3502 md
272 3451 397 3514 πεποίηκε
408 3466 449 3502 ere
459 3450 541 3514 gireu
