2282 3790
498 182 659 227 ultumos.

185 310 341 381 Horrisoao5
358 310 494 365 Teucrum
504 308 849 369 miranturiueniacorda:
956 336 962 349 ‚
996 313 1024 366 tt
1117 310 1125 351 ’ἒ

185 382 246 434 Nou
257 396 344 459 aequo
355 380 419 433 dare
431 396 462 433 se
472 396 531 433 cam
569 418 575 449 ,
589 396 641 435 uon
652 378 731 433 obvia
742 378 812 432 ferre

184 452 270 504 Arma
281 465 357 517 runs,
370 449 418 503 sed
430 456 518 503 osdra
540 464 629 501 orere.
664 449 725 502 Huc
736 448 858 502 turbidus
869 455 952 519 atque
963 447 1010 504 buc

185 517 292 573 Lustrat
303 534 373 587 equo
384 534 482 586 muros,
493 517 651 586 aditumque
663 534 711 586 per
722 518 783 573 avia
794 517 908 588 quaerit

185 591 235 656 Ac,
249 587 332 642 veluti
344 587 423 656 pleno
433 586 515 723 luffis'
525 585 665 639 insidiatus
675 586 740 639 ouili

185 658 255 710 Cum
267 654 402 710 fremitad
415 672 466 711 cau
528 666 622 708 ventos
633 671 778 724 perpessus
789 663 816 708 et
828 653 930 726 imbris,
995 659 1026 710 60

185 726 273 781 Nocte
285 742 366 795 super
377 724 467 778 inedia
474 740 482 793 3
500 724 549 776 tuti
563 723 613 776 sub
626 725 755 779 matribus
765 726 828 793 agui

187 795 311 848 Balatum
323 802 450 847 exercent
457 810 466 862 3
483 792 530 847 ille
542 809 620 861 asper
632 801 660 845 ct
672 793 810 862 improbus
820 795 862 849 ira

187 864 275 917 Saevit
288 863 315 916 in
326 862 460 930 absentie;
477 861 590 915 collecto
600 861 696 929 fatigat
708 861 808 917 edendi

187 933 229 986 Ex
240 932 317 999 longo
329 930 425 1000 rabies,
437 939 466 983 et
477 931 566 987 sicone
576 931 706 999 sanguine
718 930 827 986 fauces:

186 1001 266 1054 Haud
276 1000 355 1054 aliter
364 1000 464 1055 Rutulo
475 1016 566 1055 muros
576 1008 603 1054 et
614 1009 702 1053 castra
713 1001 798 1055 tuenti
996 1005 1028 1056 65

186 1070 331 1137 Ignesount
342 1069 413 1134 irae;
431 1068 507 1122 duris
518 1068 591 1122 dolor
602 1068 708 1123 ossibus
717 1068 803 1139 ardet,
1122 1100 1125 1171 p

187 1139 247 1198 Qua
259 1147 343 1194 tentet
355 1140 456 1195 ratione
468 1136 564 1207 aditus,
578 1146 605 1191 et
616 1155 687 1208 quae
698 1139 743 1192 via
753 1139 860 1193 clausos

185 1208 313 1263 Excutiat
324 1208 441 1263 Teucros
452 1206 524 1260 uallo
534 1217 618 1276 atque
630 1207 752 1261 effundat
763 1209 791 1261 in
802 1225 930 1277 aequum.

188 1278 316 1346 Classem,
329 1294 400 1347 quae
412 1276 490 1330 lateri
500 1285 647 1329 castrorum
659 1276 786 1346 adjuncta
798 1276 907 1349 latebat,
989 1333 992 1336 ,

186 1346 339 1416 Aggeribus
350 1354 455 1416 septam
467 1345 570 1399 circum
581 1354 608 1398 et
620 1345 774 1399 fluvialibus
784 1346 872 1417 undis,
997 1350 1031 1400 tu
1124 1358 1125 1361 ’

187 1415 451 1486 luvadit‚.scciosque
463 1414 589 1469 incendia
599 1415 684 1483 poscit
695 1415 807 1484 ovantis,
1124 1422 1125 1427 ’

186 1487 277 1554 Atque
289 1501 400 1539 manum
413 1484 479 1554 pinu
487 1483 608 1552 flagranti
620 1483 740 1539 feruidus
751 1484 854 1554 implet.

186 1554 259 1609 Tum
270 1570 332 1607 vero
344 1552 502 1607 incumbunt
511 1569 526 1621 3.
538 1563 631 1622 uigilet
644 1553 793 1623 praesentia
805 1553 904 1624 Turui3
1114 1488 1125 1661 b

115 1630 119 1657 ²
187 1625 277 1703 Atque
288 1623 375 1679 nornis
387 1622 490 1677 lacibus
501 1621 588 1691 pubes
598 1622 748 1691 accingitur
757 1623 832 1676 atris.
1060 1680 1064 1684 ,

187 1691 324 1760 Diripuere
336 1692 425 1760 socos3
443 1691 551 1759 piceum
563 1692 614 1744 fert
625 1691 729 1745 fumida
741 1691 833 1745 lumen
999 1695 1051 1747 to,

187 1761 281 1814 Taeda
292 1770 319 1817 et
332 1761 506 1815 commixtam
517 1760 652 1817 Volcanus
663 1760 697 1814 ad
710 1770 781 1813 astra
793 1759 926 1815 favillam.

157 1870 160 1877 .
221 1829 289 1889 Quis
299 1830 521 1900 douaoMusae,
534 1839 589 1885 tam
600 1847 681 1884 saeva
693 1829 818 1883 incendia
829 1829 942 1885 Teucris
1124 1862 1125 1933 p

187 1900 312 1954 Avertit?
330 1906 417 1953 tantos
429 1899 529 1953 ratibus
539 1900 600 1968 quis
611 1899 714 1968 depulit
726 1898 814 1967 iguiss

186 1968 282 2023 Dicite.
318 1968 410 2023 Prisca
420 1968 490 2022 fides
501 1968 577 2034 lacto,
591 1968 639 2021 sed
652 1968 725 2021 lama
736 1968 871 2038 perennis.

220 2039 352 2107 Tempore
364 2054 417 2107 qno
428 2037 545 2107 primurn
557 2037 674 2107 Phrygia
686 2037 817 2093 formabat
830 2039 858 2093 in
868 2036 920 2093 Ida
1003 2042 1039 2092 80
1124 2026 1125 2113 l

184 2108 293 2160 Aeneae
304 2106 428 2176 classem,
440 2115 468 2160 et
480 2106 569 2175 pelagi
615 2106 737 2161 terealta
748 2107 868 2177 parabat,
1124 2116 1125 2121 ’

184 2174 246 2243 Ipsa
258 2175 340 2231 deum
352 2175 434 2230 fertur
443 2176 566 2244 genetrix
577 2124 736 2246 birecyutia
746 2193 878 2245 magnum

186 2242 302 2299 Vocibus
313 2244 356 2301 his
366 2245 449 2298 affata
460 2246 570 2301 lovem:
591 2246 653 2312 ‘Du
666 2253 736 2324 nutu³
749 2246 859 2315 petenti,

130 2326 133 2337 ·
185 2313 262 2372 Quod
275 2323 320 2368 tua
330 2331 393 2368 earu
403 2330 501 2383 parens
511 2313 612 2369 domito
624 2323 650 2367 te
662 2323 748 2383 posent
758 2314 884 2385 Olympo.

186 2382 268 2436 Pinea
280 2383 349 2439 silua
359 2383 434 2450 mihi,
447 2383 546 2437 multos
556 2383 656 2436 dilecta
667 2400 716 2452 per
725 2400 816 2453 annos,
1004 2387 1039 2438 8⁵

187 2452 276 2507 Lucus
287 2452 314 2506 iu
325 2470 387 2506 aree
399 2449 448 2519 luit
460 2469 573 2522 summa,
586 2469 639 2522 quo
651 2469 728 2513 saera
737 2451 869 2522 ferebant,

185 2520 308 2589 Nigranti
319 2522 397 2590 picea
407 2521 581 2601 trabibusque
592 2521 721 2577 obscurus
731 2521 850 2577 acernis:

186 2591 242 2643 Has
253 2607 303 2659 ego
314 2591 447 2645 Dardanio
458 2589 558 2660 juveni,
570 2608 633 2644 curu
645 2590 740 2644 classis
751 2600 853 2659 egeret,

186 2659 270 2712 Laeta
280 2660 361 2729 dedi3
379 2676 451 2713 nuno
461 2660 602 2713 sollicitam
615 2660 693 2713 timor
704 2661 799 2714 auxius
809 2659 893 2728 angit.

185 2729 264 2782 Solve
274 2738 372 2797 metue,
385 2738 466 2797 etque
478 2729 529 2781 boo
541 2729 663 2798 precibus
674 2728 732 2782 sine
744 2746 823 2798 posse
834 2737 989 2799 parentem,
1007 2732 1047 2792 90,

185 2797 211 2852 N
212 2814 246 2851 eu
258 2814 339 2853 cursu
350 2805 492 2868 quassatae
504 2797 557 2852 ullo
567 2814 622 2852 neu
633 2798 738 2852 turbine
750 2797 824 2852 venti

145 2947 183 2993 ot.
199 2942 290 2992 Funere
303 2952 392 2999 metra,
403 2952 430 2991 to
441 2943 504 3002 keep
519 2942 585 2992 close
596 2944 683 2992 within
697 2943 739 2992 the
754 2946 916 3003 camp-69.
933 2943 1043 2993 Turnus

109 3017 184 3069 carne
200 3002 263 3051 from
279 3001 321 3050 the
336 3002 483 3050 south-east.
515 3001 571 3050 The
586 3018 657 3061 camp
668 3018 719 3051 was
732 3004 846 3051 between
860 3002 913 3052 him
927 3002 981 3051 and
996 3001 1043 3051 the

115 3059 202 3117 Tuber,
214 3061 261 3109 and
276 3076 309 3109 on
324 3076 370 3108 one
386 3060 439 3112 eide
455 3059 580 3120 theshipe
596 3060 689 3110 formed
698 3077 714 3109 a
724 3061 795 3109 naval
809 3063 974 3121 campe-74.
990 3059 1042 3109 Aa·

113 3120 137 3166 ci
177 3121 230 3168 'na
261 3119 309 3168 See
325 3119 397 3169 utri.
416 3121 547 3167 iba-8⁰.
563 3118 616 3167 Ida.
648 3121 696 3168 See
711 3129 737 3171 ut
751 3120 776 3168 ii.
791 3122 854 3177 6943
876 3119 924 3168 and
938 3118 980 3168 for
995 3118 1042 3166 the

114 3177 148 3224 bu
166 3176 226 3238 ding
240 3178 269 3226 of
280 3178 322 3226 the
337 3177 405 3234 fleet,
418 3179 451 3226 iii.
463 3182 486 3235 5,
497 3178 632 3227 dno-82.
649 3178 799 3240 Berecyntio.
831 3178 880 3226 See
895 3188 921 3226 at
934 3178 971 3226 vi.
982 3179 1043 3244 785'2.

115 3234 155 3280 As
165 3235 280 3283 identieal
290 3236 350 3284 with
363 3236 466 3297 Cybele,
479 3237 526 3285 and
536 3237 643 3296 worship
675 3236 733 3285 don
743 3236 833 3286 Mount
844 3236 898 3294 Idi,
909 3251 954 3285 sce
965 3244 993 3284 at
1004 3235 1043 3285 iu,

116 3291 249 3339 111.-85.
266 3293 321 3342 Th·
337 3296 505 3345 construction
518 3305 636 3345 scemate
663 3310 685 3352 e,
698 3294 853 3346 Piuoorrloe
861 3297 916 3357 fuit
928 3295 1042 3344 uasti-
1124 3306 1125 3365 ᾗ

105 3345 155 3391 ·⁸⁶·
170 3344 261 3403 hm,
277 3349 342 3408 διας
359 3355 427 3403 lucus
443 3362 468 3409 (a
479 3355 568 3405 sacred
579 3361 664 3415 grove)
679 3355 753 3415 being
769 3354 795 3404 in
809 3354 947 3416 apposition
965 3350 1041 3409 witin

117 3398 164 3450 tud
174 3403 331 3468 explanatory
341 3409 370 3457 of
380 3415 457 3472 syloa.
487 3412 558 3463 Arce.
589 3413 637 3463 See
647 3422 672 3463 at
683 3413 707 3463 ii.
719 3417 771 3462 322
