2288 3732
394 184 567 226 BUGOMGOR
586 185 739 226 tumultu.

209 312 283 369 ua.
301 312 338 367 Et
349 329 394 367 tue
405 311 532 367 Phoebus
548 319 637 384 amat,
655 312 764 369 Phoebo
776 330 826 368 sue
836 328 947 388 semper
955 318 1034 389 apud

348 399 394 437 ms

173 451 290 508 Munera
301 461 371 521 sunt,
384 450 451 505 lauri
464 460 492 505 et
503 468 588 505 suave
599 452 700 508 rubens
711 451 882 522 hyacinthus.

210 522 287 576 Dum.
305 521 380 575 Malo
392 539 437 575 nte
449 522 562 575 Galatea
574 525 648 592 petit,
662 523 762 576 lasciva
774 524 872 595 puella,

175 590 210 646 Et
222 591 290 660 sugit
301 592 336 644 ad
348 591 453 660 salices,
466 600 494 644 et
505 608 536 643 ss
548 592 621 660 cupit
632 602 695 646 ente
707 592 803 646 videri.
995 599 1031 649 bb

210 660 283 714 Men.
301 663 337 714 At
349 660 416 714 milri
428 678 490 713 sese
501 660 579 714 ollert
592 662 667 731 ultro,
681 678 760 715 meus
772 661 850 741 iguis,
864 667 1009 736 Amyntas,

173 730 267 786 Notior
278 739 308 783 ut
319 730 375 800 jani
388 731 422 783 sit
433 729 547 783 canibus
559 749 609 784 non
623 731 701 784 Delia
713 740 817 785 nostris.

210 801 288 854 Dum.
301 800 380 852 Parta
391 817 470 853 meae
479 800 577 853 Veneri
590 811 652 854 eunt
664 817 791 855 munera:
807 818 924 871 namque
936 802 1031 857 notari

174 870 237 941 lpse
250 869 348 938 locum,
361 871 452 923 aeriae
464 886 516 938 quo
528 886 689 938 congessere
700 870 852 940 palumbes.

209 938 282 992 Men
300 938 376 996 Quod
390 938 471 1009 potui,
485 955 567 1008 puero
579 938 693 993 silvestri
706 956 740 992 ex
752 940 845 993 arbore
857 940 930 995 lecta
994 947 1031 996 70

174 1009 266 1063 Aurea
277 1007 349 1061 mala
362 1007 458 1061 decern
470 1009 550 1078 misi,
568 1026 629 1062 crae
639 1010 724 1063 altera
736 1010 852 1063 mittam.

210 1076 287 1130 Dum.
306 1077 329 1130 O
341 1077 448 1147 quoties
458 1086 486 1131 et
497 1095 568 1147 quae
581 1079 658 1132 nobis
669 1078 783 1132 Galatea
796 1079 885 1133 locuta
896 1078 955 1134 est!

173 1146 283 1200 Partem
293 1146 421 1216 aliquam,
434 1148 515 1217 venti,
527 1147 619 1201 divom
632 1148 753 1201 referatis
764 1147 800 1201 ad
811 1149 900 1203 auris!

208 1215 280 1270 Men.
302 1215 373 1339 Qui}
390 1216 506 1287 prodest,
519 1217 592 1286 quod
608 1234 653 1272 me
673 1218 731 1288 ipse
748 1218 839 1272 animo
850 1236 902 1272 uon
915 1219 1030 1291 spernis,

373 1295 475 1355 mynta,

173 1353 208 1424 Si,
221 1352 287 1407 dum
300 1363 328 1407 tu
341 1357 452 1408 sectaris
463 1371 548 1425 apros,
562 1372 613 1425 ego
625 1356 692 1410 retia
703 1356 801 1410 semol
993 1362 1032 1413 7⁵

208 1424 286 1477 Dum.
305 1423 429 1493 Phyllida
440 1426 517 1478 mitte
529 1426 611 1479 mihi:
630 1442 710 1480 meus
721 1433 763 1478 est
775 1425 879 1496 natalis,
893 1425 958 1481 lulla
965 1443 974 1497 3

173 1494 242 1546 Cum
256 1493 353 1546 seciam
367 1493 452 1547 vitula
463 1510 510 1564 pro
521 1494 651 1564 frugibus,
665 1496 723 1565 ipse
735 1497 834 1548 venito.

209 1560 281 1614 Men.
295 1562 489 1632 Phyllideamo
497 1572 561 1616 ante
573 1565 654 1633 alias,
667 1581 728 1618 nem
739 1582 783 1617 me
792 1563 932 1618 discedere
940 1565 1030 1639 flevit,

173 1632 209 1686 Et
221 1631 329 1700 longum
342 1632 465 1702 formose,
479 1633 549 1703 vale,
562 1634 631 1703 vale,
645 1635 739 1703 inquit,
753 1633 827 1687 Iolla.

208 1700 286 1754 Dum.
298 1701 386 1754 Triste
395 1701 474 1771 lupus
486 1702 605 1773 stabulis,
616 1703 729 1757 maturis
736 1702 859 1771 frugibus
870 1703 978 1776 imbres,
992 1711 1031 1760 80

173 1769 321 1824 Arboribus
332 1771 413 1840 venti,
427 1771 504 1824 nobis
514 1773 599 1825 Amar
619 1771 690 1826 llidis
702 1773 768 1825 ime.

208 1838 281 1892 Men.
300 1840 384 1897 Dulce
397 1842 463 1895 satis
475 1840 578 1906 humor,
611 1841 711 1910 epulsis
728 1841 839 1895 arbutus
850 1840 955 1913 haedis,

173 1907 259 1962 Lenta
270 1910 338 1962 salix
350 1908 405 1962 feto
417 1909 514 1979 pecori,
528 1911 594 1963 mibi
606 1910 679 1965 solus
692 1914 834 1980 Amyntas.

209 1977 286 2032 Dum.
305 1977 389 2031 Pollio
406 1988 480 2032 amat
498 1991 623 2050 nostram,
636 1980 761 2049 quamvis
779 1989 821 2034 est
839 1980 945 2052 rustica,
964 1981 1031 2036 Mu·

349 2064 423 2100 sam:

171 2115 299 2185 Pierides,
312 2116 424 2171 vitulam
437 2116 527 2170 lectori
540 2117 645 2187 pascite
658 2127 754 2171 restro.
992 2126 1030 2175 85

207 2184 280 2240 Men.
294 2186 377 2239 Pollio
389 2197 416 2239 et
430 2187 486 2256 ipse
496 2186 560 2240 facit
569 2204 638 2240 nova
645 2188 781 2241 carmina:
794 2187 896 2257 pascite
909 2195 1028 2262 taurum,

171 2255 233 2310 Jarn
246 2272 327 2308 cornu
340 2265 414 2324 petat
426 2266 454 2308 et
468 2257 581 2325 pedibus
593 2257 641 2326 qui
653 2267 758 2326 spargat
770 2274 891 2311 arenam.

207 2325 284 2378 Dum.
293 2325 345 2383 Qui
355 2334 390 2392 te,
401 2325 494 2394 Pollio,
502 2336 584 2395 amat,
593 2327 690 2396 veniat,
700 2342 752 2396 quo
761 2334 787 2379 te
795 2344 902 2396 quoque
909 2327 1013 2397 gaudet
1018 2347 1028 2401 3

170 2393 257 2448 Melle
269 2394 354 2446 fluant
368 2395 413 2474 illi,
426 2394 493 2447 ferat
506 2404 533 2447 et
546 2396 628 2449 rubus
640 2413 718 2464 asper
729 2412 877 2449 amomum.

206 2462 277 2516 Men.
287 2463 339 2522 Qui
349 2463 462 2517 Bavium
470 2481 521 2517 non
530 2464 592 2534 odit,
602 2475 675 2518 amet
685 2473 731 2517 tua
738 2465 866 2536 carmina,
875 2464 978 2537 Maeui,
991 2469 1028 2519 90

170 2534 206 2587 At
227 2550 261 2586 ue
273 2533 346 2586 idem
358 2532 451 2601 jungat
464 2534 559 2603 vulpes
571 2548 598 2586 et
610 2534 730 2603 mulgeat
741 2534 838 2588 hircos.

234 2620 283 2656 om.
302 2602 354 2661 Qui
368 2603 455 2670 legitis
467 2603 547 2656 flores
558 2613 585 2656 et
598 2603 673 2656 humi
686 2603 825 2657 nascentia
836 2602 918 2673 fraga,

169 2670 303 2739 Frigidus,
317 2688 333 2724 ο
345 2673 427 2742 pueri,
441 2672 527 2742 fugite
539 2673 611 2742 hinc,
624 2673 689 2726 latet
700 2673 797 2742 unguis
809 2673 835 2725 in
848 2672 943 2727 herba.

205 2739 278 2793 Men.
292 2741 403 2809 Parcite,
416 2759 489 2811 oves,
503 2742 616 2795 nimium
630 2742 791 2811 procedere:
803 2759 856 2796 non
870 2742 939 2797 bene
951 2741 1027 2814 ripae

169 2809 306 2878 Creditur3
325 2810 382 2880 ipse
394 2811 465 2864 aries
477 2811 560 2864 etiarn
573 2828 644 2864 nunc
656 2812 757 2864 vellera
769 2812 862 2865 siccat.
988 2817 1027 2867 9⁸

205 2878 282 2932 Dum.
301 2879 402 2948 Tityre,
416 2883 551 2948 pascentis
562 2898 579 2932 a
590 2881 703 2933 flumine
715 2882 786 2933 reice
798 2881 932 2953 cupellas:

169 2948 231 3018 lpse
243 2949 291 3003 ubi
304 2956 412 3018 tempus
424 2950 480 3017 erit,
494 2951 582 3003 omnis
593 2951 620 3002 in
634 2949 707 3003 sonte
719 2949 823 3004 lavabo.

321 3118 345 3159 ⁴1
353 3119 409 3159 have
417 3118 484 3159 found
492 3125 530 3159 out
539 3130 553 3159 a
561 3120 601 3171 giss
610 3121 642 3161 for
650 3130 688 3169 my
696 3121 752 3169 l'ulr,¹
760 3122 800 3161 tc.

99 3186 168 3232 -79.
185 3183 271 3232 Either
281 3186 379 3246 lengum
388 3184 456 3240 (with
467 3186 604 3244 protracted
614 3187 702 3240 sound)
714 3189 802 3249 inquit,
813 3203 841 3236 or
851 3189 950 3259 longum
959 3190 1025 3238 ναῖε.

99 3241 157 3290 The
168 3260 180 3289 e
190 3243 215 3289 in
226 3242 267 3289 the
279 3243 369 3291 second
379 3245 432 3291 cale
447 3243 524 3301 short,
536 3245 599 3292 from
609 3245 651 3292 the
662 3248 751 3294 hictus.
762 3250 837 3295 -80.
858 3244 946 3304 Triste,
959 3248 1024 3298 used

100 3300 290 3358 substantively,
304 3301 350 3347 und
366 3316 379 3347 e
397 3301 505 3348 uiralcnt
520 3312 546 3349 to
562 3321 599 3351 res
615 3307 703 3352 tristis.
735 3306 835 3365 Zumpt,
848 3305 927 3357 isos.
957 3309 1023 3355 Aera.

99 3357 133 3406 ir.
150 3361 202 3407 570.
213 3361 292 3404 -84,
310 3358 357 3405 See
399 3369 516 3421 rgument.
528 3365 605 3409 -90.
624 3362 671 3410 See
687 3363 830 3427 Argument.
841 3367 921 3413 -96.
938 3363 1022 3423 Reice,

100 3416 242 3465 contracted
256 3415 293 3463 sor
303 3418 429 3477 rejice-e
443 3419 538 3466 natural
554 3421 712 3479 connection,
725 3423 858 3484 especially
868 3423 894 3477 il,
908 3439 935 3473 as
950 3439 1023 3474 some

100 3489 216 3534 suppose,
228 3474 289 3523 such
300 3475 381 3522 words
391 3489 457 3524 were
468 3477 501 3524 all
511 3477 634 3540 auciently
644 3480 744 3530 written
755 3484 815 3531 with
826 3499 872 3531 one
883 3483 901 3533 i.
