2288 3732
470 217 657 263 0101010010.

171 348 228 405 eur
240 345 338 416 Athon,
350 353 397 401 eut
406 345 564 417 Rhodopen,
576 355 624 400 eut
635 346 690 400 elie
701 347 834 402 Cemunis
845 345 900 401 telo

172 414 287 486 Dejicit3
306 415 475 486 ingeminant
485 417 568 470 austri
580 427 609 470 et
620 417 799 472 densissimus
810 416 900 472 imber
905 433 914 488 ;

171 487 253 542 Nunc
265 502 375 539 nemore
387 486 488 555 ingenti
499 495 588 556 vento,
602 503 674 540 nunc
685 485 763 541 litore
773 488 916 559 plangunt.
990 530 997 539 .

207 555 265 608 Hoc
277 565 410 625 metuens,
423 556 492 608 coeli
503 572 614 610 menses
624 565 653 609 et
664 556 754 610 sidere
765 573 844 612 serve
850 574 859 628 3

108 634 111 639 ’
172 623 282 693 Frigida
293 624 399 678 Saturni
412 641 473 678 sese
485 641 539 697 quo
550 625 630 679 stelle
643 634 772 697 receptet,

172 693 246 754 Quos
258 694 327 763 ignis
337 694 406 748 coeli
418 694 559 765 Cyllenius
570 704 642 749 erret
653 696 681 749 in
693 696 773 749 orbis.

172 763 308 834 Imprimis
318 780 449 817 venerere
460 764 535 832 deos,
547 773 630 836 etque
642 778 733 819 annue
745 781 861 847 megm

172 832 254 886 Sacra
265 833 336 887 refer
348 834 445 899 Cereri,
458 833 538 888 luetis
548 843 676 906 operatus
687 835 712 889 in
725 835 826 905 herbis,

174 903 320 957 Extremae
333 902 385 956 sub
396 919 491 957 cesum
503 903 611 974 hiemis,
623 903 680 974 jem
692 921 758 958 vere
769 921 873 959 sereno.
980 907 1033 959 340

102 988 106 1003 ¹
172 973 246 1025 Tum
255 971 370 1042 pingues
382 972 445 1041 agni
456 982 484 1026 et
497 981 556 1027 tum
568 973 730 1028 mollissime
743 974 823 1039 vium

173 1041 246 1095 Tum
257 1041 345 1095 somni
357 1040 452 1096 dulces
462 1041 619 1113 densaeque
631 1043 658 1096 in
669 1042 809 1098 montibus
820 1043 945 1098 umbree.

173 1111 277 1165 Cuncta
290 1111 339 1164 tibi
351 1111 479 1166 Cererem
490 1111 579 1181 pubes
588 1114 705 1182 agrestis
716 1113 818 1185 ederet,
948 1114 952 1119 ’

142 1210 146 1218 -
173 1180 224 1233 Cui
237 1187 266 1234 tu
278 1178 349 1234 lecte
361 1180 438 1235 feros
449 1190 476 1234 et
488 1182 549 1234 miti
561 1181 635 1236 dilue
649 1182 757 1236 Baccho
764 1200 772 1252 3

171 1249 281 1320 Terque
292 1266 377 1304 nores
387 1251 490 1304 circum
503 1250 570 1305 selis
581 1259 626 1305 eet
639 1251 727 1305 hostie
740 1251 840 1321 fruges,
981 1254 1034 1305 343

103 1328 106 1333 “
172 1320 267 1374 Omnis
277 1336 359 1390 quern
370 1321 468 1375 chorus
478 1328 507 1373 et
518 1321 583 1374 socii
596 1322 760 1376 comitemur
770 1330 890 1391 orentes,

173 1388 209 1445 Et
221 1390 346 1443 Cererem
359 1390 477 1444 clamore
487 1399 584 1444 vocent
596 1391 624 1444 in
635 1399 717 1445 tecte.
753 1391 851 1461 Neque
862 1397 929 1444 ente

96 1488 99 1493 ·
174 1457 285 1512 Falcem
299 1461 412 1513 maturis
421 1459 568 1529 quisquam
579 1470 713 1530 supponet
723 1461 814 1514 eristis

144 1542 148 1549 ’
173 1527 263 1586 Quum
275 1528 374 1597 Cereri,
388 1537 456 1582 torta
469 1529 611 1583 redimitus
622 1540 744 1601 ternpore
755 1546 866 1601 quercu,

175 1596 228 1650 Det
240 1609 330 1650 motus
342 1598 539 1669 incompositos,
552 1606 581 1652 et
592 1600 714 1654 carmine
726 1600 809 1654 dicet.
981 1601 1034 1652 350

208 1667 300 1735 Atque
311 1666 381 1721 hece
392 1675 422 1721 nt
434 1669 515 1722 certis
526 1685 669 1738 possemus
679 1669 785 1724 discere
797 1669 890 1738 signis,

173 1736 329 1805 Aestusque
339 1736 501 1807 pluviasque
513 1750 540 1790 et
553 1747 668 1806 egentes
679 1738 778 1807 frigore
789 1747 894 1809 ventos,

91 1809 95 1816 ’
173 1804 235 1874 lpse
248 1806 328 1859 Peter
339 1806 441 1876 statuit,
454 1806 519 1876 quid
531 1816 673 1861 menstrua
685 1808 762 1862 Lune
774 1818 912 1879 moneret;

172 1874 232 1934 Quo
244 1874 268 1928 si
288 1892 321 1928 no
333 1876 461 1931 cederent
473 1877 573 1945 austri,
591 1876 658 1947 quid
670 1894 754 1948 saepe
767 1877 892 1931 ridentes

172 1893 316 2011 Agriodus
327 1945 437 2016 propius
449 1945 564 1999 stabulis
574 1955 697 2000 ermente
711 1956 841 2001 tenerent.
980 1950 1034 2000 305

101 2024 105 2029 “
173 2013 313 2084 Continuo,
326 2016 416 2068 ventis
428 2015 609 2086 surgentibus,
621 2025 669 2069 aut
680 2015 750 2069 frete
797 2017 836 2070 nti

173 2082 307 2153 Incipiunt
319 2085 420 2152 agitata
432 2093 635 2154 tumescere,et
647 2084 738 2140 aridus
749 2103 766 2139 e
778 2086 814 2140 tis

172 2151 313 2206 Montibus
323 2154 411 2207 eudiri
423 2154 513 2223 fragor
518 2171 535 2223 ;-
545 2164 592 2208 eut
603 2155 757 2209 resonantis
768 2154 848 2224 longe

173 2220 263 2274 Litore
274 2222 391 2293 misceri,
405 2232 432 2277 et
443 2240 586 2278 nemorum
598 2224 799 2279 increbrescere
810 2239 943 2279 murmur.

151 2306 157 2313 ·
172 2290 236 2344 Jsm
248 2290 302 2345 sibi
314 2299 372 2346 tum
383 2310 401 2346 e
412 2293 503 2347 curvis
514 2294 586 2347 mele
599 2302 734 2363 temperet
745 2294 818 2349 unde
829 2293 936 2363 cerinis,
979 2295 1033 2346 300

172 2360 239 2414 Curn
252 2360 345 2415 medio
355 2361 459 2416 celeres
471 2362 589 2416 revolent
602 2379 765 2433 exsequere
778 2363 871 2434 mergi,

167 2429 378 2500 ‘clamoremque
391 2431 480 2485 serunt
491 2433 526 2485 etl
539 2432 623 2502 litore,
636 2450 754 2503 cumque
765 2434 889 2487 merinee

171 2497 202 2553 ln
215 2500 288 2553 sicco
300 2500 396 2555 ludunt
408 2501 515 2569 fulicae,
528 2512 659 2572 nctesque
671 2502 779 2573 paludis

172 2568 278 2623 Deserit
289 2579 371 2640 etque
383 2569 467 2624 altem
479 2588 560 2641 supre
571 2571 644 2625 volet
657 2572 739 2626 erden
751 2572 864 2626 nubem,

171 2637 258 2709 Seepe
270 2640 354 2694 etiam
366 2640 465 2709 stelles,
475 2649 557 2693 vento
569 2640 752 2711 impendente,
765 2640 874 2695 ridebis
978 2643 1032 2694 363

172 2706 339 2778 Praecipites
350 2709 426 2762 coelo
438 2709 500 2779 labi,
513 2710 655 2779 noctisque
667 2727 715 2781 per
726 2710 854 2765 umbrem

171 2775 356 2832 Flammarum
369 2778 462 2847 longos
473 2796 491 2832 e
503 2787 577 2847 tergo
588 2779 729 2834 albescere
742 2787 843 2835 trectus
850 2796 859 2849 3

171 2844 257 2916 Saepe
270 2847 361 2901 levem
374 2849 485 2918 pelearn
496 2857 523 2901 et
535 2849 644 2902 frondes
655 2849 768 2902 volitare
780 2849 906 2921 seduces,

170 2917 226 2970 Aut
239 2932 348 2971 summe
359 2927 455 2972 nentes
466 2918 494 2971 in
506 2934 576 2998 aque
588 2918 725 2972 colludere
737 2917 854 2989 plumes.

171 2985 208 3038 At
220 2985 321 3040 Boreae
333 2986 369 3040 de
383 2995 459 3057 purte
472 2996 554 3041 trucis
567 3004 629 3042 curn
643 2988 777 3070 fulminet,
789 2997 817 3042 et
829 3004 896 3041 cum
978 2989 1032 3040 370

170 3053 291 3125 Eurique
304 3055 476 3127 Zephyrique
489 3065 562 3109 tonat
574 3057 687 3127 domus,
704 3073 796 3111 omnis
807 3057 897 3127 plenis

168 3122 240 3176 Rure
252 3133 344 3180 natant
358 3126 445 3194 fossis,
457 3135 541 3194 atque
553 3127 641 3180 omnis
653 3127 746 3181 nevile
794 3137 839 3181 nto

124 3206 128 3215 ’
169 3191 289 3246 Humida
302 3195 364 3248 vele
375 3195 450 3263 legit.
486 3196 645 3266 Numquam
657 3196 746 3267 impru
768 3196 876 3251 entibus
887 3194 979 3251 imber
1004 3245 1008 3252 .

129 3343 244 3389 ³35-350.
262 3340 318 3389 The
334 3341 423 3391 former
436 3351 504 3391 must
515 3343 596 3392 wntch
612 3345 655 3393 the
671 3344 783 3394 westher
798 3344 845 3394 end
858 3344 969 3405 worship
985 3346 1031 3393 tlte

116 3399 330 3448 (ῆι-351369.
348 3400 405 3448 The
422 3416 465 3460 pro
484 3403 576 3450 noetics
593 3403 646 3454 thet
662 3403 759 3454 soretell
775 3404 1024 3456 winde-370&

125 3457 157 3507 he
167 3458 321 3521 prognostico
332 3458 386 3508 thet
396 3417 493 3509 soretehl
504 3461 579 3511 ruins.
