2282 3790
465 139 560 180 arnan
579 139 643 183 vnt-
913 153 914 156 ¹
950 128 1011 192 827

157 265 308 321 Pertulerit.
346 266 403 320 ‘'l'u
413 266 570 336 nubigenas,
583 266 690 334 invicte,
703 266 870 339 bimembris,

158 336 350 405 Hylaeumque
362 335 539 405 Pholumque,
552 353 642 403 manu,
657 344 684 388 tu
697 337 787 389 Cresia
798 347 903 393 mactas

104 443 107 450 -
157 405 282 472 Prodigia
293 416 321 457 et
332 415 440 458 vastum
452 406 574 458 Nemeae
587 404 636 458 sub
650 421 713 474 rupe
726 405 842 460 leonem.
958 412 1009 463 295

157 474 198 526 Te
210 474 295 543 Stygii
308 483 442 528 tremuere
455 474 536 544 lacus,
550 483 578 528 te
589 473 687 543 janitor
697 474 759 528 Orci

156 543 225 596 Ossa
236 560 316 612 super
329 543 461 596 recubans
472 552 545 595 antro
559 543 676 596 semiesa
687 551 814 612 cruent03

155 611 215 665 Nec
228 619 255 664 te
269 611 339 665 ullae
352 613 443 682 facies,
457 628 508 665 non
521 613 611 667 terruit
624 613 681 681 ipse
693 611 846 683 Typhoeus,

156 679 265 734 Arduus
276 698 352 734 arma
364 691 458 735 tenens
465 697 473 750 3
491 699 542 734 non
556 693 582 733 te
596 681 705 734 rationis
717 691 843 749 egentem

122 748 125 755 “
156 749 296 803 minaeus
307 750 384 804 turba
396 751 513 821 capitum
526 750 700 804 circumstetit
712 751 817 818 anguis.
958 757 1009 808 303

156 818 244 889 Salve,
257 835 321 872 vera
332 820 407 872 lovis
418 820 513 889 proles,
527 820 611 873 decus
622 818 713 872 addite
726 818 803 889 divis,

157 887 193 940 Et
205 903 253 940 nos
265 895 292 940 et
304 896 351 941 tua
362 888 456 942 dexter
468 888 512 941 adi
525 888 595 958 pede
608 904 683 940 sacra
695 888 833 942 secundo!

124 998 129 1009 ,
156 955 234 1009 Talia
246 956 411 1011 carminibus
422 957 559 1010 celebrant
566 973 576 1026 3
593 957 774 1027 superomnia
786 959 850 1011 Caci

156 1023 319 1093 Speluncam
329 1026 467 1096 adjiciunt,
481 1027 681 1096 spirantemque
694 1026 800 1093 ignibus
812 1028 910 1098 ipsum.

156 1095 288 1147 Consonat
299 1112 379 1148 omne
391 1113 488 1149 neruus
500 1103 552 1148 stre
574 1097 619 1164 itu,
633 1093 768 1164 collesque
781 1097 919 1150 resultant.
950 1100 1001 1151 305

190 1163 259 1217 Exin
271 1180 301 1216 ae
313 1165 403 1218 cuncti
413 1165 514 1218 divinis
525 1112 604 1218 reius
615 1163 650 1216 ad
662 1164 757 1217 urbem

155 1230 286 1285 Persectis
298 1234 424 1288 referunt.
459 1234 517 1287 Ibat
531 1250 577 1288 rex
589 1233 692 1287 obsitus
704 1248 780 1302 aevo,

156 1301 192 1354 Et
202 1302 330 1355 comitem
343 1305 456 1356 Aenean
466 1302 544 1372 juxta
556 1313 704 1371 natumque
716 1302 827 1356 tenebat

93 1430 96 1441 ⁴
155 1370 319 1440 Ingrediens,
333 1371 460 1442 varioque
472 1372 545 1425 viam
557 1386 680 1425 sermone
693 1370 809 1424 levabat.

155 1439 276 1509 Miratur,
291 1440 430 1510 facilisque
443 1440 534 1493 oculos
546 1441 597 1494 fert
610 1439 700 1493 omnia
712 1439 813 1495 circum
885 1505 888 1510 Α
901 1502 904 1505 ,
956 1446 1008 1497 310

154 1509 271 1577 Aeneas,
284 1511 440 1580 capiturque
451 1509 525 1578 locis,
540 1519 567 1564 et
579 1509 683 1578 singula
695 1508 782 1562 laetus

155 1577 330 1648 Exquiritque
342 1579 471 1649 auditque
483 1579 570 1632 virum
582 1587 757 1633 monumenta
769 1578 893 1648 priorum.

154 1647 227 1698 Tum
239 1664 287 1700 rex
298 1649 439 1701 Evandrus
451 1646 586 1702 Romanae
599 1647 717 1700 conditor
729 1649 812 1700 arcia:
932 1695 934 1701 .

156 1714 247 1768 ‘Haec
258 1733 367 1769 nemora
379 1717 521 1786 indigenae
533 1717 619 1771 Fauni
631 1715 833 1786 Nymphaeque
845 1715 982 1787 tenebant,

127 1814 132 1815 ⁷
154 1785 283 1855 Gensque
294 1787 382 1840 virum
395 1787 494 1839 truncis
506 1794 533 1838 et
545 1785 610 1841 duro
622 1787 714 1838 robore
726 1794 797 1855 nate,
934 1845 938 1851 ,
956 1791 1007 1840 315

154 1853 223 1913 Quis
235 1871 322 1923 neque
334 1871 394 1908 mos
405 1872 494 1925 neque
506 1855 595 1908 cultus
607 1863 671 1926 erat,
685 1870 735 1907 nec
747 1852 859 1923 jungere
871 1863 969 1927 tauros,

154 1925 211 1976 Aut
222 1939 381 1992 componere
392 1941 458 1993 opes
469 1932 569 1994 norant,
582 1932 628 1976 aut
641 1939 752 1994 parcere
763 1935 847 1995 parto,

155 1991 208 2045 Sed
221 1994 286 2045 rami
298 2003 380 2063 atque
392 2010 470 2062 asper
481 1993 554 2045 victu
567 2005 681 2046 venatus
693 1992 792 2045 alebat.

154 2058 261 2114 Primus
271 2061 307 2114 ab
318 2061 437 2114 aetherio
449 2063 522 2114 venit
535 2062 662 2115 Saturnus
674 2061 705 2115 Ol
727 2077 796 2131 mpo,

153 2131 240 2183 Arma
250 2130 325 2184 lovis
336 2131 441 2198 lugiens
453 2139 480 2183 et
494 2131 581 2199 regnis
593 2131 697 2184 exsule
718 2131 824 2203 emptis.
926 2194 930 2201 ἱ
956 2134 1008 2185 320
1034 2154 1043 2158 ·

154 2199 183 2251 le
194 2216 280 2267 genus
293 2200 407 2252 indocile
419 2217 452 2252 ac
464 2199 612 2269 dispersum
626 2200 761 2253 montibus
772 2201 834 2253 altis

153 2268 316 2336 Composuit,
331 2268 457 2337 legesque
470 2268 553 2340 dedit,
567 2270 725 2338 Latiumque
738 2268 827 2322 vocari

153 2336 261 2405 Maluit,
275 2336 318 2389 his
329 2339 454 2406 quoniam
470 2338 589 2391 latuisset
602 2349 674 2391 tutus
687 2340 712 2390 in
725 2337 786 2390 oris.

153 2406 246 2458 Aurea
257 2422 326 2474 quae
339 2407 485 2476 perhibent,
498 2407 543 2459 illo
556 2407 606 2460 sub
619 2423 682 2475 rege
694 2407 770 2459 suere

153 2473 282 2527 Saecula:
303 2475 341 2527 sic
353 2475 458 2545 placida
470 2477 581 2545 populos
595 2477 619 2528 in
633 2492 700 2545 pace
712 2472 822 2542 regebat
830 2489 839 2545 3
956 2477 1007 2545 325

152 2543 277 2595 Deterior
288 2543 374 2597 donec
386 2545 516 2614 paulatim
527 2562 560 2597 ac
572 2545 679 2598 decolor
690 2552 766 2596 aetas

153 2612 190 2664 Et
203 2610 267 2664 belli
281 2613 369 2666 rabies
381 2621 408 2666 et
420 2628 495 2666 amor
507 2615 636 2666 successit
649 2612 777 2666 habendi.

152 2680 227 2737 Tum
239 2698 333 2737 manue
344 2683 463 2737 Ausonia
474 2692 501 2735 et
510 2691 605 2752 gentes
617 2698 715 2736 venere
727 2681 848 2753 Sicanae,

101 2825 167 2874 293.
186 2820 246 2876 ‘Tan
260 2821 309 2870 dne.
341 2824 367 2870 Α
377 2825 446 2871 burst
456 2823 486 2871 ot'
496 2823 539 2870 the
555 2823 640 2872 sacred
656 2839 718 2884 song
734 2823 804 2872 itaelf
816 2825 837 2872 is
853 2822 1005 2875 introduced.

69 2883 240 2943 Nubigmu
257 2881 298 2929 tlte
310 2881 440 2930 Centaure.
473 2883 521 2930 See
536 2892 560 2930 at
571 2882 605 2930 vi.
617 2886 770 2931 wie-294.
787 2883 872 2931 Cresia
880 2883 954 2949 prod'
976 2883 982 2893 '

68 2942 146 2993 This
155 2954 210 3008 was
220 2955 236 2987 a
243 2940 369 3009 wildlbull·
376 2945 466 2989 -295,
477 2940 586 2997 Nemeae,
596 2941 622 2989 in
632 2941 674 2988 the
683 2941 754 2988 north
763 2940 793 3009 of
799 2939 907 3001 Arguba.
914 2898 1006 2995 -ffi

67 3004 124 3053 See
138 3001 379 3054 at1a398‚vr.392.
412 2999 517 3054 Ianitor,
530 2999 660 3049 Cerberus.
692 3000 740 3046 See
751 3015 786 3048 vr.
796 3001 945 3048 400.-297.
962 2997 1006 3046 Sd·

65 3064 162 3115 nina,
177 3059 200 3105 ·i
210 3056 394 3106 elidad-298.
415 3058 547 3120 Typhoeus.
578 3059 626 3107 See
637 3067 662 3106 at
672 3057 688 3105 i.
700 3061 851 3106 δῶν-300.
869 3056 1004 3107 Laenas.

66 3122 124 3171 &a
137 3125 165 3166 at
176 3117 210 3165 vi.
222 3120 275 3164 286.
283 3121 372 3165 -·314.
389 3117 445 3165 The
457 3117 618 3185 surrounding
628 3125 730 3176 country
743 3131 794 3164 was
804 3127 829 3164 ut
840 3132 886 3163 one
898 3116 957 3164 time
968 3116 1007 3164 ira

64 3176 180 3231 habited
199 3178 231 3235 by
247 3176 289 3224 the
306 3177 445 3239 αὔτόχὸονις,
463 3176 505 3223 the
522 3177 661 3235 aborigines
677 3179 750 3232 (315),
768 3175 815 3224 and
830 3175 894 3222 their
908 3174 1005 3225 deities.

64 3240 124 3289 fleo
139 3236 351 3284 ntulit—316.
395 3235 648 3294 haquinus-324.
664 3235 756 3290 Aurea,
770 3234 820 3281 dcc.
852 3233 899 3282 See
915 3233 1005 3289 atEcl,

62 3298 245 3350 'mh-*m
264 3292 330 3342 This
345 3292 366 3341 is
401 3292 409 3340 i
440 3293 479 3341 'l's
494 3302 606 3342 mount.
637 3291 713 3348 Finit,
726 3292 932 3354 theAllnriginee‚
945 3292 1005 3343 ineu

60 3359 115 3411 elie
127 3356 246 3406 Amnes
262 3361 315 3410 (see
330 3362 354 3412 p.
367 3354 419 3410 180,
441 3352 480 3401 ine
496 3356 529 3410 5),
547 3350 595 3401 aad
609 3350 652 3400 tho
668 3349 762 3411 Stoeni,
779 3366 807 3403 ot
823 3351 909 3409 Siculi,
920 3350 1004 3403 atron
