2242 3826
480 248 643 291 stillum.

169 378 229 432 Nec
240 392 353 432 numero
364 371 480 449 inferior,
494 394 600 448 pugnae
612 392 663 432 uec
674 374 774 430 honore
787 374 919 431 rscsdss’
973 380 1019 431 636

168 448 276 501 Turnus
287 447 322 500 cd
335 446 415 500 haec:

170 518 208 570 ‘0
219 534 297 585 soror,
311 525 338 569 et
350 515 453 569 dudum
464 515 569 584 agnovi,
583 531 647 568 cum
658 513 745 583 prima
758 531 806 584 per
818 523 907 570 artem

169 585 292 640 Foedera
304 585 415 638 turbasti
428 595 510 652 teque
523 583 592 638 haec
604 584 631 636 iu
644 583 716 635 bella
728 583 836 650 dedisti,

169 657 204 709 Et
216 671 287 707 nunc
300 654 483 723 nequidquam
494 653 567 706 fallis
578 653 638 705 dea.
675 651 727 705 Sed
740 654 800 721 quis
811 653 928 724 Olympo

168 724 322 777 Demissam
335 732 421 776 tantos
433 722 515 776 voluit
529 731 554 775 te
567 722 636 774 ferre
649 720 774 775 labores?
974 725 1021 775 63⁵

169 795 211 847 An
224 792 313 845 fratris
325 793 416 845 miseri
430 792 515 844 letum
528 802 556 845 ut
568 789 678 844 crudele
692 789 818 846 videres²

168 862 240 916 Nam
252 860 317 930 quid
328 861 397 930 agol
414 868 461 912 aut
471 877 541 929 quas
552 860 607 930 jam
621 859 733 928 spondet
746 858 864 912 Fortuna
875 858 1012 914 saluteml

168 930 231 984 Vidi
243 929 334 983 oculos
344 939 407 982 aute
420 930 477 998 ipse
489 946 566 982 meos
578 946 622 983 me
635 945 700 980 voce
713 939 855 982 vocantem

169 1000 336 1066 Murranum,
349 1015 402 1068 quo
415 1016 466 1051 nou
478 1006 587 1068 superat
599 996 666 1051 mihi
678 998 762 1050 carim
773 997 848 1066 alter,
1094 1054 1095 1057 Ἴ

168 1070 301 1138 Oppetere
313 1068 451 1136 ingentem
463 1075 544 1136 atque
557 1068 583 1120 in
604 1067 659 1119 enti
670 1066 783 1119 vulnere
796 1067 907 1121 victum.
974 1069 1023 1120 646

169 1136 273 1192 Occidit
285 1136 386 1205 infelix,
399 1154 434 1189 ne
446 1146 566 1190 nostrum
578 1085 700 1190 dedecus
710 1135 798 1188 Ufens

169 1206 325 1276 Aspiceret3
344 1206 440 1259 Teucri
452 1205 587 1276 potiuntur
598 1220 707 1274 corpore
719 1214 747 1256 et
759 1205 851 1258 ermis.

170 1275 336 1330 Exscindine
348 1273 505 1329 domos-id
518 1274 599 1329 rebus
609 1274 695 1328 deluit
709 1290 830 1327 unum-

167 1345 323 1414 Perpetiarl
342 1343 435 1398 dextra
447 1361 498 1397 nec
510 1345 622 1398 Drancis
633 1343 704 1397 dicta
718 1343 861 1397 refellam?

168 1414 256 1536 Tergq
281 1413 359 1520 qlabq
383 1421 411 1467 et
434 1414 556 1468 Turnum
585 1414 735 1483 fugientem
757 1411 827 1466 haec
857 1421 929 1469 terra
950 1411 1021 1466 ride-

259 1483 295 1535 it.
809 1488 813 1495 ’
973 1485 1020 1535 645

167 1550 260 1621 Usque
271 1551 375 1604 adeone
387 1551 454 1605 mori
466 1551 595 1605 misertim
608 1553 669 1606 estl
703 1552 760 1605 Vos
771 1568 787 1604 o
799 1550 867 1605 mihi
878 1550 979 1605 Manes

169 1621 235 1674 Este
246 1621 316 1688 boni,
329 1622 456 1689 quoniam
468 1621 577 1691 Superis
587 1638 684 1675 aversa
695 1621 827 1675 voluntas.

169 1689 265 1742 Sancta
275 1690 311 1742 ad
323 1706 371 1742 vos
382 1691 481 1760 anima,
494 1699 522 1743 at
542 1708 576 1743 ue
588 1691 666 1744 istius
678 1691 763 1744 inscia
769 1690 872 1759 *culpae

169 1757 348 1829 Dementiam,
358 1776 516 1828 magnorum
523 1708 600 1812 ised
613 1777 745 1830 umquam
756 1759 880 1828 indignus
890 1756 1019 1812 avorum!
1094 1796 1095 1801 η

203 1828 255 1881 Vix
266 1844 300 1881 ea
312 1829 384 1882 latus
395 1838 467 1882 erat:
487 1828 591 1882 medios
602 1828 681 1899 volat,
695 1846 769 1897 ecce,
782 1846 829 1898 per
841 1827 927 1881 hostis
970 1830 1020 1880 656
1094 1834 1095 1873 t

167 1896 270 1950 Vectus
281 1914 350 1967 equo
363 1908 505 1967 spumante
517 1897 606 1966 Saces,
619 1898 734 1951 adversa
747 1897 846 1966 sagitta
1094 1904 1095 1913 ¹

168 1965 279 2020 Saucius
290 1983 343 2035 cra,
358 1968 462 2037 ruitque
474 1967 619 2036 implorans
631 1968 741 2020 nomine
753 1968 891 2021 Turnum:
1094 2024 1095 2033 ἵ

169 2034 282 2105 ‘Tume,
295 2036 322 2088 in
336 2044 362 2088 te
375 2054 501 2106 suprema
513 2036 601 2104 salus3
621 2037 749 2090 miserere
762 2045 876 2091 tuorum.
1094 2036 1095 2101 l

168 2102 304 2157 Fulminat
316 2107 425 2158 Aeneas
435 2106 526 2174 annis,
540 2123 716 2175 summasque
729 2107 847 2159 minatur

168 2172 343 2242 Dejecturum
353 2191 432 2228 arces
445 2174 542 2228 Italum
555 2174 713 2243 excidioque
725 2175 851 2228 daturum
859 2190 868 2242 ς
967 2175 1016 2226 656

168 2242 284 2311 Jamque
298 2241 372 2295 laces
383 2242 418 2295 ad
433 2254 504 2297 tecta
517 2243 613 2297 volant.
650 2244 680 2297 In
693 2254 720 2297 te
732 2262 778 2297 ora
789 2242 884 2312 Latini,

167 2311 197 2364 In
210 2319 237 2363 te
250 2310 342 2364 oculus
353 2312 488 2382 relerunt3
507 2322 609 2366 mussat
623 2330 670 2366 rex
681 2316 740 2384 ipss
752 2314 847 2367 Latino
1050 2329 1054 2332 ·

167 2380 241 2440 Quos
251 2397 364 2449 generos
377 2391 461 2451 vocet,
474 2391 519 2435 aut
532 2398 604 2451 quse
616 2399 676 2434 sese
688 2382 725 2436 ad
735 2330 957 2436 loedemileomt·
1094 2388 1095 2449 t

168 2449 310 2504 Praeterea
324 2451 422 2520 regina,
436 2453 474 2504 tui
486 2451 624 2520 fidissima,
637 2450 732 2504 dextra

166 2519 272 2572 Occidit
285 2519 410 2590 ipsosne,
424 2520 568 2591 lucemque
582 2520 708 2574 exterrita
719 2519 799 2590 fugit.
967 2519 1017 2570 660

167 2588 221 2640 Soli
234 2606 279 2658 pro
292 2589 374 2657 portis
385 2589 530 2658 Messapus
542 2599 568 2642 et
580 2607 643 2642 acer
654 2590 751 2642 Atinas
1094 2594 1095 2649 l

167 2656 304 2711 Sustentut
315 2657 412 2711 aciem.
449 2659 556 2711 Circum
569 2658 618 2712 ho's
631 2659 765 2728 utrimque
777 2657 927 2728 phalanges

167 2725 241 2780 Stant
254 2726 364 2794 densae,
377 2727 527 2797 strictisque
540 2745 620 2796 seges
631 2728 804 2782 mucronibus
815 2726 905 2780 horret

167 2794 281 2849 Ferrea:
302 2804 329 2848 tu
342 2813 447 2849 currum
462 2797 567 2850 deserto
579 2797 606 2849 in
618 2796 740 2865 gramine
751 2796 861 2850 versas’

167 2864 307 2933 Obstupuit
320 2865 392 2917 varia
404 2866 531 2919 coulusus
543 2866 660 2933 imagine
675 2883 764 2933 rerum
967 2864 1014 2918 665
1094 2900 1095 2907 1

77 2974 89 2992 „
166 2933 280 3001 Turnus,
294 2943 321 2986 et
333 2932 426 2988 obtutu
440 2936 520 2987 tacito
532 2936 605 2987 stetit
613 2951 621 3003 3
639 2943 744 2988 aestuat
756 2935 851 3003 ingens

166 3001 226 3055 Uno
238 3003 264 3054 in
278 3001 357 3055 corde
370 3004 454 3073 pudor
465 3004 602 3072 mixtoque
615 3004 716 3056 insania
727 3003 802 3057 luctu

127 3115 181 3159 631.
198 3113 213 3159 i.
225 3117 376 3162 est-634.
393 3115 482 3171 Follis,
495 3116 585 3174 clearly
601 3116 662 3164 used
678 3132 706 3163 as
722 3117 763 3163 the
779 3115 916 3173 imperfect,
930 3116 1016 3163 394.-

94 3169 332 3277 ffinciiudimii'
343 3174 630 3281 3356296ἷᾷ(Ϊ4-1648ΨῘ6Μζ
658 3178 716 3272 mi*
734 3175 850 3282 viilidid
866 3173 1012 3281 §ceseii

96 3281 185 3380 digera-as
195 3262 301 3354 dvoruiir,
315 3268 355 3336 tire
367 3266 531 3340 cdnstnietion
542 3271 571 3360 of
577 3251 791 3351 diffiditis.
824 3272 926 3352 Zrimpt,
939 3271 1009 3346 §.lul-

97 3353 127 3365 ··
148 3341 185 3382 ³4·
202 3340 319 3391 Minatur
328 3362 355 3394 se
366 3350 531 3409 dejecturum
546 3367 578 3399 tv.
590 3354 742 3400 saa-659.
758 3351 902 3409 Fidrrsbno,
912 3352 973 3401 with
981 3348 1013 3399 tna·

96 3386 196 3493 &figis
202 3412 290 3500 segma
306 3411 332 3451 to
346 3406 443 3455 borrow
458 3408 501 3458 tho
517 3410 684 3461 construction
699 3410 729 3460 of
740 3409 782 3460 the
798 3411 884 3461 verbal
898 3410 983 3463 fidens.
