2320 3744
470 168 658 211 Glssfflwfle

174 297 304 368 spadices
313 296 474 371 glsuoiqrre3
491 296 563 350 color
573 294 817 351 deterrimusalbis

175 369 210 422 Et
221 369 301 436 gilvo.
337 368 417 436 Tum,
430 369 453 420 si
464 383 518 435 qua
530 384 627 420 sonum
638 365 730 435 procul
741 382 816 418 arma
828 364 938 435 dedere,

174 437 249 490 Stare
261 436 318 489 loco
329 437 424 505 nescit,
437 438 521 489 micat
531 435 649 502 auribus,
663 445 691 488 et
702 436 791 488 tremit
803 445 885 503 artus,

175 505 376 574 collectumque
389 505 507 557 fremens
518 505 599 558 volvit
612 505 662 557 sub
671 504 781 558 naribus
792 504 893 570 ignem.
993 505 1028 556 80

175 575 266 628 Densa
281 574 348 642 uba,
361 582 390 627 et
400 575 494 628 dextro
504 573 604 643 jactata
616 572 748 626 reeumbit
761 573 788 625 iu
800 588 892 641 armo3

175 646 212 697 ht
223 592 322 712 dupiex
333 643 421 710 agitur
492 641 599 696 lumbos
611 643 702 711 spina3
719 652 851 710 cavatque
951 672 956 689 .

133 742 137 750 ·
175 712 320 781 Tellurem,
332 721 360 764 st
372 660 583 779 condignanter
595 719 671 765 sonat
684 711 784 778 ungula
794 726 888 763 cornu.

175 781 249 834 Talis
260 781 404 857 Amyolspi
415 782 532 835 domitus
543 780 659 833 Pollucis
671 779 783 834 habenis

175 850 305 920 Cyllarus,
318 859 353 918 et,
366 867 479 918 quorum
491 850 564 903 Graii
575 850 724 921 meminere
736 855 840 919 poetae,
993 850 1029 900 00

175 919 274 972 Martis
284 919 349 987 equi
360 918 471 988 biiuges,
485 928 513 971 et
524 918 614 986 magni
626 935 718 972 currus
728 917 844 972 Achilli:

176 988 250 1040 Talis
261 996 288 1040 et
299 988 358 1057 ipse
368 987 464 1057 jubam
473 990 582 1041 cervice
592 987 689 1041 effudit
701 988 800 1057 equina

176 1056 302 1127 Coniugis
312 1056 430 1110 adventu
441 1057 534 1125 pernix
545 1056 681 1126 Quintus,
694 1066 722 1110 et
733 1056 820 1111 altum

176 1126 269 1180 Pelion
281 1125 384 1179 hinnitu
396 1125 502 1194 fugiens
514 1127 637 1195 implevit
648 1136 736 1180 acuto.

211 1196 291 1249 Hunc
307 1211 423 1275 quoque,
438 1194 485 1248 ubi
501 1205 548 1248 aut
565 1195 659 1249 morbo
675 1196 772 1265 gravia
783 1203 833 1248 aut
848 1192 905 1265 jam
922 1206 1030 1314 segnpg

280 1281 359 1319 aunis

178 1334 283 1403 Deficit,
295 1333 366 1388 abde
377 1332 471 1402 domo3
489 1349 540 1387 neo
553 1334 622 1403 turpi
634 1334 741 1401 ignosce
753 1341 889 1386 senectae.

178 1403 302 1471 Frigidus
312 1404 339 1455 in
351 1403 487 1456 Venerem
497 1404 592 1472 senior,
606 1403 755 1472 frustraque
768 1403 889 1456 laborem

178 1474 315 1540 Ingratum
326 1471 421 1541 trahit3
438 1481 474 1541 et,
487 1473 509 1525 si
522 1473 630 1541 quando
640 1473 675 1524 ad
688 1472 787 1541 proelia
798 1480 910 1527 rentum
924 1478 976 1541 est,

178 1541 214 1595 Ut
225 1541 362 1610 quondam
373 1541 400 1594 in
413 1541 517 1608 stipulis
529 1558 643 1608 maguus
654 1542 712 1594 sine
725 1541 825 1594 viribus
836 1541 914 1611 ignis,

178 1611 318 1663 Incassum
330 1609 402 1661 lurit.
438 1609 509 1678 Ergo
521 1611 627 1663 animos
637 1627 791 1679 aerumque
802 1610 908 1665 notabis
966 1609 1033 1660 .1oo

178 1679 326 1748 Praecipue
333 1694 342 1747 3
360 1677 424 1731 hinc
434 1679 503 1731 alias
513 1680 586 1748 artis,
599 1679 756 1748 prolemque
768 1687 919 1749 parentum,

180 1749 215 1803 Et
226 1748 288 1817 quis
297 1748 395 1816 cuique
407 1747 481 1800 dulor
492 1749 571 1815 victo,
584 1765 655 1817 quas
666 1748 750 1816 gloria
761 1747 879 1817 palmae.

178 1817 275 1872 Nonne
287 1815 371 1886 vides,
383 1833 445 1869 cum
458 1817 595 1889 praecipiti
607 1818 753 1870 certamine
765 1833 893 1886 campum

180 1887 342 1954 Corripuere,
357 1895 488 1955 ruuntque
501 1884 582 1939 effusi
593 1903 700 1939 earcere
713 1903 806 1940 currus
813 1902 821 1956 3

180 1956 249 2008 Cum
260 1971 323 2024 spes
334 1964 453 2007 arrectae
464 1955 492 2024 ju
497 1971 603 2023 renum,
617 1955 832 2025 exsultantiaque
844 1953 934 2008 haurit
983 1957 1035 2008 100

181 2023 267 2076 Corda
278 2039 359 2093 pavor
371 2022 493 2092 pulsans:
513 2024 550 2077 illi
562 2024 661 2079 instant
675 2024 785 2078 verbere
798 2033 874 2094 torto,

181 2093 216 2147 Et
228 2093 301 2162 proni
313 2091 377 2145 dant
390 2091 445 2146 lora
452 2108 462 2171 3
479 2092 551 2145 volat
563 2095 589 2146 vi
603 2093 721 2157 fervidus
732 2094 808 2161 axis3

180 2162 297 2231 Jamque
309 2160 435 2231 humiles,
448 2177 558 2231 Jamque
571 2160 635 2215 elati
646 2162 763 2216 sublime
775 2163 900 2216 videntur

181 2232 255 2284 Aera
266 2247 314 2302 per
326 2247 443 2284 vacuum
455 2229 518 2283 leni
530 2240 614 2300 atque
625 2230 769 2298 adsurgere
783 2232 808 2285 in
821 2246 901 2285 auras
908 2246 917 2299 3

180 2299 207 2352 N
209 2314 241 2352 eo
252 2316 335 2368 mora,
347 2315 399 2353 neo
411 2299 518 2368 requies
523 2317 532 2369 3
550 2309 577 2353 at
590 2299 680 2354 fulvae
693 2300 801 2353 nimbus
811 2317 910 2353 arenae
984 2302 1038 2352 110

181 2368 301 2437 Tollitur,
315 2367 476 2423 humescunt
488 2369 592 2438 spumis
603 2369 722 2437 flatuque
736 2379 916 2438 sequentum:

181 2438 285 2492 Tantus
296 2454 371 2490 amor
381 2436 501 2507 landum,
514 2446 604 2490 tantae
617 2447 658 2490 est
670 2438 780 2491 victoria
791 2455 882 2491 curae.

181 2507 288 2561 Primus
300 2505 488 2561 Erichthonius
499 2523 590 2560 currus
600 2515 629 2560 et
641 2516 754 2576 quatuor
765 2524 848 2561 ausus

182 2576 299 2645 Iungere
311 2591 402 2644 equos,
416 2574 510 2643 rapidu
546 2592 579 2628 ue
591 2576 654 2628 rotis
666 2576 788 2629 insistere
802 2577 892 2630 victor.

183 2644 271 2698 Frena
282 2643 444 2697 Pelethronii
457 2644 534 2713 Lapit
554 2662 587 2697 ae
599 2661 732 2714 gyrosque
743 2646 853 2715 dedere,
983 2647 1040 2699 11⁶

183 2713 304 2782 Impositi
316 2713 400 2782 dorso,
413 2722 494 2782 atque
503 2714 628 2783 equitem
639 2713 755 2767 docuere
767 2713 818 2768 sub
829 2715 914 2768 armis

183 2781 313 2835 Insultare
325 2782 380 2834 solo
392 2789 421 2834 et
431 2798 539 2850 gressus
549 2783 698 2850 glomerare
711 2784 849 2852 superbos.

183 2854 296 2920 Aequus
306 2858 419 2919 uterque
430 2850 504 2905 labor
511 2868 519 2920 3
537 2869 624 2921 aeque
635 2851 818 2921 juvenemque
830 2852 951 2921 magistri

184 2921 334 2990 Exquirunt
346 2918 518 2988 calidumque
530 2920 628 2974 animis
639 2930 667 2974 et
678 2921 800 2974 cursibus
810 2938 918 2991 acrem3

184 2989 314 3047 Quamvis
325 3005 407 3056 saepe
419 2988 483 3056 luga
493 3006 585 3042 versos
596 2990 642 3042 ille
654 2991 738 3058 egerit
751 2989 842 3061 hostis,
986 2994 1044 3045 120

155 3098 158 3103 -
184 3059 220 3112 Ε1
231 3058 345 3128 patriam
357 3055 469 3127 Epirum
482 3058 578 3111 reserat
589 3059 717 3128 fortisque
729 3059 871 3129 Mycenas,

183 3125 357 3247 Neptunique
369 3125 378 3176 i
438 3127 555 3180 deducat
567 3129 668 3196 origine
680 3137 800 3197 gentem.

246 3196 268 3247 is
280 3195 371 3246 anima
391 3195 474 3248 versis
485 3196 585 3249 instant
597 3197 647 3250 sub
660 3207 775 3268 tempus,
789 3205 815 3250 et
827 3196 916 3251 omnis

183 3263 346 3331 impendunt
358 3279 436 3315 curas
447 3264 530 3317 denso
542 3266 695 3320 distendere
707 3267 808 3347 pingui,

184 3329 274 3388 Quem
285 3331 375 3398 legere
387 3330 485 3386 ducem
496 3342 524 3386 et
555 3334 625 3387 ecori
636 3335 729 3390 dixere
740 3345 884 3407 mantum3
989 3341 1047 3395 120

185 3399 369 3469 Florentisque
380 3410 473 3454 serant
484 3401 532 3455 her
568 3419 589 3474 s,
601 3403 752 3478 fluviosque
763 3406 914 3462 ministrant
