2288 3732
421 281 425 287 ·
501 256 622 299 ucuoot
642 255 688 299 tx.
755 254 760 261 ’

522 453 669 505 MOERIS.

143 564 147 571 ’
467 552 717 593 utctntse-ttouttts.

237 626 303 753 ,lja
312 629 372 690 Quo
381 637 416 699 te,
427 629 520 699 Moeri,
529 631 634 701 pedes't
645 648 688 701 an,
698 649 751 702 quo
760 631 803 685 via
810 630 893 703 ducit,
903 632 930 686 iu
938 631 1052 689 urbem·

270 716 322 752 cer.
339 699 484 769 OLycida‚
497 701 552 753 viri
564 700 743 771 pervenimus,
755 702 862 754 advena
873 701 963 772 nostri,

200 766 280 826 Quod
292 785 439 836 numquam
451 769 530 823 veriti
540 786 642 838 sumus,
655 780 683 823 ut
696 788 831 840 possessor
842 771 924 840 agelli

189 837 324 890 Diceret:
345 838 435 891 ‘Haec
446 856 511 892 mea·
521 849 598 908 sunt3
616 850 723 893 veteres
733 840 847 909 migrate
859 840 965 895 coloni!

200 905 282 960 Nunc
294 907 365 976 victi,
379 909 476 979 tristes,
489 909 616 978 quoniam
629 909 695 963 Fors
705 910 797 963 omnia
809 920 897 962 verset

200 975 258 1030 Hos
268 975 413 1047 illi-quod
426 994 477 1031 nec
489 986 576 1031 vertet
588 978 825 1033 bene-mittimus
837 949 947 1033 haeilos.

236 1043 300 1116 Lyc.
313 1046 390 1099 Certe
402 1047 530 1116 equidem
542 1048 688 1117 audieram,
702 1065 753 1118 qua
766 1066 795 1100 se
808 1046 959 1102 subducere
969 1048 1053 1103 colles

200 1114 333 1184 Incipiunt
355 1116 481 1186 mellique
492 1116 588 1187 jugum
599 1118 741 1171 demittere
753 1118 830 1188 clivo,

200 1182 293 1254 Usque
304 1155 341 1238 ad
351 1202 452 1255 aquam
463 1194 491 1239 et
504 1187 609 1256 veteris,
621 1184 678 1256 jam
689 1186 774 1240 stacta
785 1186 935 1260 cacumina,
949 1187 1032 1258 fagos,

137 1292 141 1299 .
200 1253 298 1306 Omnia
309 1255 475 1309 carminibus
486 1265 605 1310 vestrum
617 1273 739 1310 servasse
750 1256 904 1310 Menalcan.
1021 1262 1052 1311 10

236 1321 320 1377 Moer.
338 1324 491 1378 Audierasi
509 1334 537 1378 et
550 1325 623 1378 fama
634 1325 702 1393 init;
720 1326 769 1379 sed
781 1326 899 1380 carmina
912 1333 1018 1382 tautum

105 1428 109 1436 .
199 1390 298 1444 Nostra
309 1393 407 1463 valent,
421 1393 530 1464 Lycida,
544 1394 598 1448 tela
609 1395 677 1448 inter
688 1395 796 1464 Martia,
808 1403 941 1464 quantum

199 1460 335 1514 Chaonias
345 1462 446 1532 dicunt,
459 1465 549 1534 aquila
561 1465 693 1534 veniente,
706 1463 854 1519 columbas

199 1529 341 1588 Quodnisi
354 1549 398 1585 me
411 1550 581 1604 quacumque
594 1551 677 1588 novas
688 1534 807 1588 incidere
818 1534 881 1589 lites

199 1602 272 1652 Ante
284 1600 390 1654 sinistra
402 1620 469 1656 cava
477 1605 628 1658 'monuisset
640 1604 675 1657 ab
687 1605 748 1657 ilice
761 1605 858 1674 cornix,
1019 1608 1051 1659 to

198 1668 260 1723 Nec
273 1677 334 1723 tuus
345 1669 390 1724 hic
402 1672 503 1726 Moeris
515 1690 565 1726 nec
578 1674 680 1726 viveret
693 1675 749 1744 ipse
762 1674 911 1728 Menalcas.

234 1736 298 1810 Lyc.
310 1739 380 1809 Heu,
393 1741 465 1863 cydit
477 1742 505 1795 in
516 1760 681 1813 quemquam
695 1752 799 1798 tautum
811 1743 919 1797 seelusl
931 1741 994 1814 heu,
1005 1751 1052 1797 tue

374 1826 407 1862 no
428 1829 451 1864 re

199 1875 291 1930 Paene
303 1877 383 1931 simul
395 1888 486 1934 tecum
498 1879 593 1934 solatia
606 1889 686 1952 rapta,
701 1881 848 1935 manarent

197 1946 267 2005 Quis
279 1957 388 2001 caneret
398 1949 472 2020 Nym
492 1949 561 2007 basi
580 1951 640 2022 quis
653 1950 767 2005 humum
778 1950 935 2005 florentibus
946 1948 1040 2004 herbis

198 2015 348 2087 spargeret,
361 2028 407 2071 aut
420 1968 497 2073 iiiiii
511 2020 591 2074 sontis
604 2020 742 2074 induceret
754 2020 869 2074 umbrat
1017 2022 1054 2073 M

199 2085 251 2138 Vel
263 2103 335 2155 quae
346 2087 451 2157 sublegi
464 2091 562 2143 tacitus
575 2089 621 2143 tibi
633 2091 754 2143 carmine
765 2106 858 2160 nuper,

198 2155 268 2209 Curn
282 2165 309 2209 te
320 2156 354 2210 ad
367 2157 478 2211 delicias
490 2159 581 2230 serres,
594 2159 769 2229 Amaryllida,
783 2159 906 2214 nostras?

201 2224 319 2295 ‘Tityre
331 2225 397 2280 dum
410 2227 616 2283 redeo-brevis
627 2238 667 2281 est
680 2229 840 2299 via—pasce
852 2227 979 2300 capellas,

161 2306 164 2311 ·
199 2294 236 2347 Et
248 2302 340 2363 potum
353 2306 443 2365 pastas
454 2314 512 2367 age,
526 2298 626 2368 Tityre,
640 2306 667 2351 et
680 2297 894 2367 interagendum

198 2362 346 2417 Occursare
359 2383 446 2436 capro,
459 2383 540 2420 cornu
553 2366 613 2420 serit
627 2367 679 2434 ille,
692 2369 805 2421 caveto)
1016 2369 1051 2419 tt

235 2431 321 2486 Moer.
329 2434 417 2493 Immo
426 2435 501 2505 hae‘c,
509 2452 581 2506 quae
588 2437 657 2490 Varo
665 2436 783 2490 necdum
790 2435 910 2506 perfecta
919 2433 1050 2489 canebat:

199 2502 209 2535 ‘
216 2501 295 2572 Vere,
307 2512 385 2558 tuum
396 2521 502 2576 nornen,
516 2515 624 2579 superet
635 2505 715 2559 modo
726 2507 841 2560 Mantua
853 2505 966 2558 nobis-

155 2650 178 2696 l.
196 2646 290 2703 Urbem,
301 2644 477 2696 Mantua—2.
490 2647 545 2696 The
556 2648 720 2697 construction
732 2648 761 2703 is,
777 2647 836 2697 Vini
841 2650 992 2710 pervertimus
1004 2655 1052 2706 (we

124 2705 190 2757 have
207 2706 274 2755 lived
284 2716 311 2755 to
321 2707 393 2755 reach
410 2706 459 2755 this
474 2713 539 2766 pass)
551 2710 613 2768 quod
624 2715 646 2763 (a
657 2708 726 2766 thing
737 2706 826 2761 which)
837 2724 965 2768 numquam
980 2710 1053 2758 ceriti

36 2777 40 2783 ’
124 2782 221 2821 umus,
239 2769 384 2820 uictima,
399 2783 523 2828 possessor
537 2768 616 2814 nostri
630 2768 712 2827 agelli,
724 2768 901 2814 diceret-13.
921 2767 1050 2825 Chaonios,

123 2828 253 2875 dubus.
285 2824 341 2873 The
354 2825 468 2872 Chaones
479 2825 602 2885 anciently
613 2825 737 2873 inhabited
753 2825 804 2872 that
815 2824 910 2873 district
921 2826 950 2885 ol
962 2827 1052 2886 Epirus

125 2884 212 2935 where
223 2882 328 2931 Dodone
338 2899 398 2939 was,
412 2884 496 2931 whose
512 2883 591 2931 crocle
602 2883 728 2942 depended
739 2899 769 2931 on
781 2883 813 2931 its
823 2883 906 2931 dores.
915 2912 947 2924 -
956 2888 992 2933 ll.
1009 2885 1051 2933 ln·

123 2944 212 2999 cidere,
226 2942 345 2998 devitare,
357 2943 470 2991 sinistro.
502 2941 593 2990 Cornix
604 2960 618 2989 a
629 2944 731 2991 sinistro
743 2942 799 2990 sacit
810 2952 897 2990 return.
920 2943 973 2997 Cjc.
993 2943 1051 2993 Diu.

125 3001 190 3058 i.39‚
204 3005 244 3048 85.
253 3030 286 3040 -
295 3004 330 3048 18.
346 3000 437 3049 Poene.
469 3000 588 3061 Alluding
605 3013 629 3047 to
642 2998 743 3062 Virgil’s
760 3016 854 3048 norrow
870 3017 964 3061 escape.
973 3031 1006 3043 -
1015 3005 1051 3051 19.

125 3056 205 3108 What
217 3060 262 3107 the
273 3071 329 3118 poet
346 3059 491 3116 celebrates,
504 3060 535 3107 he
547 3060 567 3107 is
579 3059 735 3120 represented
746 3076 773 3108 as
783 3059 864 3119 doing.
897 3060 944 3108 See
956 3061 1009 3110 Eu.
1018 3061 1051 3109 vi.

125 3120 163 3175 62,
178 3120 310 3168 dec-21.
325 3118 369 3167 Vel
379 3118 434 3177 quis
445 3128 541 3167 caneret
567 3135 619 3174 uae,
631 3118 944 3181 &c.—sublegeretocitur;
958 3121 1052 3179 quietly

124 3186 151 3227 to
161 3179 231 3228 leam
241 3178 308 3225 what
318 3178 420 3226 another
428 3177 505 3238 sings,
514 3178 555 3226 wit
575 3188 617 3224 out
627 3177 665 3224 bis
674 3178 763 3226 noticin
792 3179 809 3225 it
820 3181 888 3234 (auh).
895 3181 970 3226 -22.
983 3179 1051 3229 Leve

123 3237 200 3299 being
217 3237 260 3286 the
276 3237 369 3315 deligbt
381 3236 410 3285 os
421 3237 463 3284 the
479 3237 624 3306 shepherd's
636 3242 750 3292 (nostras)
763 3193 811 3284 Me.
820 3240 897 3284 -26.
914 3235 986 3284 Immo
996 3236 1052 3302 quis

124 3309 224 3346 caneret
235 3301 299 3344 how.
337 3296 388 3344 I'be
399 3297 479 3356 poet’s
490 3298 570 3356 object
581 3311 663 3344 seems
679 3305 704 3342 to
721 3296 750 3343 be
767 3304 793 3342 to
807 3294 889 3342 flatter
900 3294 980 3358 Yams
992 3292 1050 3359 with
1069 3342 1074 3348 ,

124 3355 167 3404 tire
178 3356 244 3417 hope
255 3355 285 3404 os
297 3354 421 3404 immersat
436 3352 524 3415 pratee,
538 3364 563 3402 to
579 3354 666 3402 induce
682 3353 732 3402 him
749 3362 775 3419 to
790 3352 845 3400 deal
862 3351 978 3417 lenientiy
991 3349 1051 3395 with

125 3414 325 3524 Mantua-2}
343 3413 453 3478 Superat.
485 3412 793 3475 Equivaleuttosuperrit.
825 3410 872 3459 See
883 3410 945 3458 Aea.
964 3423 981 3455 ι.
993 3409 1048 3457 ⁵97.

123 3474 151 3525 fir
169 3478 225 3533 ³³9,
240 3491 264 3525 v.
276 3478 330 3524 51.
