2242 3826
448 180 453 187 ’
485 200 647 242 asusruos.

173 327 235 389 Qua
247 326 343 383 vulnus
353 325 436 381 letale
447 326 515 381 leret
522 345 531 397 3
548 335 640 381 eontra
652 326 698 381 ills
710 344 863 397 repugnans

173 398 292 452 Sustinet
303 414 321 449 a
331 396 424 467 jugulo
436 397 567 467 dextram,
580 405 607 450 et
620 397 676 450 rim
687 397 789 451 viribus
801 398 866 451 exit.
981 400 1031 452 757

176 467 266 536 thue
278 466 372 520 volans
382 467 437 519 alte
450 474 554 535 raptum
567 484 631 519 oum
645 466 719 518 fulva
732 467 878 521 draconem

175 536 238 591 Fert
250 536 348 606 aquila,
362 536 548 616 implicuitque
561 535 653 605 pedes,
666 544 749 604 atque
763 538 896 604 unguibus
908 535 1013 590 haesit:

175 607 288 660 Souoirur
298 613 326 658 at
338 622 449 674 serpens
461 622 568 658 sinuosa
580 604 717 658 volumina
729 614 825 676 versat,

175 676 348 744 Arreetisque
362 674 451 727 horret
496 676 584 728 uamis
595 683 622 726 et
635 673 727 727 sibilat
739 691 792 743 ore,

175 743 284 798 Arduus
296 745 435 811 insurgens
442 760 450 812 5
468 742 486 795 il
497 762 513 796 a
524 743 595 797 haud
609 737 698 796 minus
709 753 805 811 urguet
816 743 920 796 obunco
979 746 1030 795 75b

176 814 337 867 Luctantem
350 822 446 880 rostr03
465 813 545 865 simul
557 812 668 865 aethora
681 812 803 865 verberat
814 813 878 864 alis:

176 882 254 935 Haud
267 881 344 934 aliter
355 882 483 951 praedam
497 882 638 935 Tiburtum
651 898 686 933 ex
697 882 805 949 agmine
817 880 939 934 Tarchon

177 952 265 1004 Ponat
277 967 368 1004 ovans.
405 951 489 1004 Ducis
500 952 657 1020 exemplum
669 961 852 1020 eventumque
864 950 952 1004 secuti

177 1019 340 1074 Maeonidae
353 1020 498 1074 incurrunt.
534 1021 606 1074 Turn
617 1021 680 1073 fatis
692 1020 801 1072 debitus
813 1023 916 1073 Arruns

177 1089 306 1143 Velocem
317 1088 407 1159 jaculo
419 1098 447 1143 et
459 1089 545 1144 multa
557 1090 626 1160 prior
637 1099 694 1141 arte
706 1089 850 1143 Camillam
980 1091 1034 1142 760

177 1158 285 1228 Circuit,
299 1169 334 1227 et,
347 1175 418 1228 quae
431 1160 464 1213 sit
477 1158 582 1212 fortuna
595 1158 732 1219 facillima,
746 1167 839 1211 tentat.

177 1228 238 1287 Qua
250 1245 279 1280 se
291 1245 409 1298 cumque
422 1227 513 1281 furens
524 1229 615 1281 medio
628 1227 685 1281 tulit
698 1227 808 1295 agmine
821 1227 903 1297 virgo,

178 1297 237 1350 Hac
249 1299 351 1351 Armua
362 1297 441 1365 subit,
455 1305 483 1349 et
495 1298 593 1350 tacitus
605 1297 718 1365 vestigia
729 1297 840 1367 lustra13

178 1366 238 1425 Qua
252 1368 347 1421 victrix
360 1368 426 1420 redit
439 1366 484 1419 illa
495 1367 648 1436 pedemque
661 1384 694 1419 ex
707 1366 782 1419 hoste
796 1372 919 1437 reportat,

179 1436 237 1489 Hac
247 1436 355 1506 juvenis
366 1437 458 1490 furtim
470 1436 569 1490 celeris
580 1438 719 1506 detorquet
732 1436 862 1490 habenas.
980 1439 1035 1489 765

179 1505 236 1558 llos
247 1506 344 1585 aditus2
356 1506 468 1575 jamque
481 1505 529 1559 hos
540 1506 638 1574 aditus,
651 1522 815 1575 omnemque
829 1512 945 1576 pererrat

179 1574 305 1643 Undique
317 1576 468 1643 circuitum,
482 1584 508 1627 et
521 1585 622 1628 certam
655 1575 720 1627 uatit
733 1575 870 1645 improbus
881 1574 997 1627 hastam.

178 1642 258 1696 Forte
271 1661 346 1697 sacer
358 1644 477 1714 Cybelae
489 1645 618 1698 Chloreus
629 1593 746 1713 ‹llimque
758 1646 883 1698 sacerdos

179 1713 294 1781 Insignis
305 1713 383 1781 louge
397 1714 520 1782 Phrygiis
532 1713 652 1782 fulgebat
665 1715 691 1767 in
704 1715 793 1784 armis,

180 1781 410 1853 Spumantemque
422 1783 541 1850 agitabat
552 1801 661 1852 equum,
674 1800 756 1853 quem
768 1783 849 1852 pellis
860 1781 937 1835 aenis
981 1785 1045 1835 770

180 1852 211 1906 In
224 1852 343 1921 plumam
357 1854 477 1922 squamis
487 1870 551 1906 auro
564 1862 684 1905 conserta
696 1853 812 1920 tegebat.

181 1921 250 1991 lpse,
301 1923 404 1990 regrina
416 1922 549 1989 ferrugine
562 1922 649 1975 olarus
661 1932 688 1974 et
700 1932 778 1991 ostro,
856 1972 861 1979 .

181 1991 259 2060 Spiou
272 2009 288 2044 a
301 2001 340 2045 tor
360 1991 440 2045 nebat
452 1992 534 2060 Lycio
547 1991 674 2061 Gortynia
686 2009 766 2045 cornu
773 2008 782 2061 3

180 2062 288 2113 Aureus
298 2009 458 2113 exhumero
470 2068 545 2113 sonat
557 2078 642 2127 arcus,
656 2070 683 2113 et
695 2078 776 2113 aurea
790 2060 843 2112 vati

181 2129 308 2197 Cassida3
321 2138 380 2182 tum
392 2146 513 2184 croceam
525 2129 753 2200 chlamydemque
766 2130 894 2200 sinusque
904 2144 964 2180 cre·

270 2198 339 2251 antis
985 2203 1049 2252 775

181 2216 328 2319 Carbalseos
340 2267 413 2320 fulvo
426 2267 453 2320 iu
465 2267 565 2320 nodum
577 2267 721 2336 collegerat
733 2284 805 2334 auro,

182 2336 273 2389 Pictus
283 2353 334 2389 acu
347 2338 452 2390 tunicas
464 2345 491 2388 et
504 2337 616 2390 barbara
628 2339 746 2405 tegmina
758 2352 875 2390 uturum.

183 2405 261 2458 Hnno
274 2407 355 2486 virgo²
369 2406 427 2458 sive
439 2415 469 2460 ut
480 2406 589 2475 templis
601 2407 759 2476 praefigeret
770 2423 845 2458 arma

181 2475 270 2543 Troia,
283 2486 389 2545 oaptrvo
402 2477 458 2528 sive
471 2485 499 2529 ut
512 2492 542 2528 se
555 2476 755 2544 faustianum,

181 2545 309 2598 Venatrix
321 2563 403 2598 unum
416 2545 535 2598 exomni
547 2545 694 2598 certamine
706 2560 813 2613 pugnae
986 2548 1048 2599 780

182 2612 270 2667 Caeca
282 2614 452 2683 sequebatur,
466 2622 604 2682 totumque
617 2615 723 2668 incauta
734 2631 782 2683 per
794 2611 895 2681 agmen

182 2682 310 2737 Femineo
323 2684 439 2753 praedae
451 2691 478 2736 et
490 2683 636 2752 spoliorum
649 2684 761 2736 ardebat
773 2697 881 2740 amere:

130 2766 133 2771 ¹
181 2753 281 2806 Telum
293 2770 327 2806 ex
339 2752 443 2806 insidiis
454 2769 517 2805 oum
530 2753 639 2806 tandem
651 2760 772 2822 ternpore
784 2760 862 2821 capto

181 2821 309 2890 Concitet,
323 2830 350 2874 et
363 2838 473 2892 superos
484 2823 587 2874 Arruns
598 2821 637 2874 sic
650 2838 715 2875 voce
728 2829 866 2892 precatur:

184 2890 310 2943 ‘Summe
322 2889 413 2958 deum,
427 2890 514 2943 sancti
526 2900 615 2944 custos
626 2889 742 2944 Soractis
753 2889 857 2960 Apollo,
988 2894 1050 2945 785

182 2959 270 3018 Quem
283 2959 360 3028 primi
373 2960 495 3030 nolimus,
508 2960 552 3012 oui
565 2960 661 3030 pineus
672 2959 751 3013 ardor
761 2976 860 3012 acervo

181 3029 309 3094 Pascitur,
322 3038 350 3081 et
362 3029 484 3082 medium
495 3027 555 3082 freti
567 3029 667 3100 pietate
680 3029 830 3100 perignem

111 3134 140 3181 of
147 3134 365 3187 Venulus-759.
382 3136 535 3193 Maeonidae,
548 3137 599 3185 viii.
610 3140 764 3187 lea-roe.
783 3136 891 3200 Cybeles,
902 3136 936 3185 iii.
949 3139 1050 3186 111.-

111 3193 164 3238 772.
182 3191 260 3260 Ferre
279 3195 319 3241 irre
329 3204 350 3242 et
361 3204 432 3242 ostro.
461 3195 546 3258 Georg.
560 3196 584 3244 ii.
595 3199 748 3247 486.-773.
765 3195 846 3258 Lycio.
870 3195 920 3244 See
931 3196 977 3246 vii.
987 3199 1049 3246 816.

114 3246 242 3306 Gortyna,
256 3209 356 3319 gretan,
370 3254 431 3300 from
442 3269 457 3300 a
467 3262 534 3321 torva
549 3253 631 3303 lamed
646 3254 684 3304 for
699 3255 732 3304 its
748 3258 818 3304 bows
834 3252 881 3303 aud
897 3269 1050 3324 arrowas-

111 3301 164 3346 785.
182 3303 296 3354 Soracten.
328 3309 375 3357 See
387 3326 410 3368 p.
422 3314 475 3366 292,
490 3312 537 3359 lrne
548 3315 586 3360 38.
618 3314 648 3361 Iu
659 3313 754 3363 honour
764 3313 793 3362 of
800 3315 824 3361 A
843 3314 902 3371 ello,
916 3315 1034 3374 worship

112 3355 158 3463 {²¹:³3
165 3359 301 3459 ⁸&galileam
312 3365 423 3424 Soracte,
435 3368 474 3417 bis
485 3370 649 3432 worshippers
660 3372 760 3423 walked
770 3388 830 3423 orer
856 3373 959 3453 sepsos
966 3375 1046 3424 burn·
