2308 3780
453 222 547 262 arasa
566 194 611 262 in.
938 206 995 263 tat

139 349 295 405 Rursumin
308 366 417 403 secessu
430 349 511 419 longo
519 351 573 403 ‘sub
587 365 651 419 rupe
663 355 767 418 cavata,

139 420 288 474 Arboribus
300 419 383 472 clausi
396 420 497 473 circum
508 429 590 503 atque
603 419 770 472 horrentibus
782 416 891 490 umbris,
943 421 994 471 230

139 489 300 544 Instruimus
312 506 421 542 mensas
431 490 539 558 arisque
553 489 706 557 reponimus
718 489 823 556 ignem:

139 559 254 612 Rursum
266 576 302 611 ex
313 559 418 611 diverso
430 558 498 611 coeli
510 559 653 626 caecisque
666 557 776 610 latebris

138 628 228 680 Turba
240 645 338 680 sonans
349 627 475 697 praedam
489 626 604 696 pedibus
616 626 788 679 circumvolat
802 625 886 696 uncis,

139 696 237 749 Polluit
247 714 293 750 ore
305 697 398 766 dapes.
434 697 518 750 Sociis
530 706 600 764 tunc,
613 712 688 748 arina
700 704 850 764 capessam,

139 765 233 835 Edico,
247 776 273 818 et
285 765 342 818 dira
353 765 454 819 bellum
466 782 529 818 cum
541 773 623 833 gente
634 765 791 832 gerendum.
940 767 991 816 235

139 834 218 887 Haud
231 851 312 888 secus
322 852 354 887 ac
364 835 432 904 jussi
445 834 555 903 faciunt,
568 843 707 903 tectosque
719 851 768 903 per
779 832 893 887 herbam

139 903 287 973 Disponunt
300 920 379 956 enses
390 915 418 956 et
429 912 505 956 scuta
517 903 627 956 latentia
638 902 764 956 condunt.

140 972 210 1040 Ergo
223 972 268 1026 ubi
281 972 408 1042 delapsae
420 973 536 1025 sonitum
548 990 596 1041 per
608 989 691 1025 curva
702 971 802 1026 dedere

138 1041 233 1111 Litora,
246 1041 292 1095 dat
305 1042 409 1110 signum
422 1041 533 1111 specula
544 1042 669 1095 Misenus
680 1041 715 1095 ab
726 1041 781 1094 alta

138 1112 210 1163 Aere
222 1127 297 1164 cavo.
333 1111 465 1165 Invadunt
477 1111 550 1179 socii,
563 1121 590 1164 et
602 1128 671 1164 nova
683 1110 784 1180 proelia
796 1116 907 1180 tentant,
937 1112 989 1164 240

138 1180 275 1232 Obscenae
286 1179 373 1250 pelagi
386 1179 454 1233 ferro
463 1180 575 1233 -loedare
586 1180 716 1234 volucres.

138 1247 190 1301 Sed
203 1265 291 1318 neque
303 1250 357 1302 rim
371 1249 470 1318 plumis
482 1249 564 1303 ullam
577 1266 628 1302 nec
640 1249 748 1302 volnera
760 1257 834 1317 tergo

137 1317 288 1389 Accipiunt,
301 1319 437 1388 celerique
450 1318 514 1387 fuga
526 1318 577 1372 snb
589 1318 677 1371 sidera
689 1317 780 1438 lapsae

138 1385 278 1441 Sernesam
290 1388 416 1458 praedam
430 1397 457 1441 et
469 1387 582 1456 vestigia
594 1388 673 1440 foeda
689 1404 716 1439 re
729 1388 848 1456 'nquunt

139 1455 198 1508 Una
210 1456 237 1509 in
249 1457 386 1525 praecelsa
396 1457 515 1510 consedit
528 1474 592 1526 rupe
604 1456 727 1525 Celaeno,
938 1458 989 1508 245

139 1523 235 1579 Infelix
246 1535 329 1594 vates,
343 1527 495 1596 rumpitque
508 1526 577 1580 hanc
588 1535 695 1595 pectore
707 1540 817 1578 vocem:

43 1613 53 1619 ·
140 1593 269 1648 “Bellum
283 1596 364 1648 etiam
377 1613 424 1665 pru
436 1595 521 1648 caede
534 1595 613 1648 boum
626 1595 770 1663 stratisque
779 1592 911 1665 juvencis,

138 1664 390 1733 Laomedontiadas,
403 1664 540 1718 bellumne
554 1664 649 1717 inferre
661 1665 760 1734 paratis

139 1734 174 1786 Et
187 1733 271 1802 patrio
282 1733 414 1802 Harpyias
427 1733 536 1786 insontis
567 1733 648 1786 ellere
661 1733 763 1801 regnol

138 1802 261 1872 Accipite
272 1819 335 1870 ergo
347 1803 444 1856 animis
455 1813 536 1872 atque
548 1751 616 1855 iiaec
627 1819 689 1855 mea
701 1802 776 1870 figite
788 1802 867 1855 dicta.
936 1805 988 1855 250

139 1870 214 1930 Quae
227 1871 335 1924 Phoebo
347 1880 422 1940 pater
433 1873 609 1941 omnipotens,
624 1871 688 1924 mihi
701 1871 826 1924 Phoebus
838 1869 934 1942 Apollo
969 1874 972 1879 '
1025 1920 1030 1929 ,
1108 1858 1110 1865 ’

140 1939 281 2009 Praedixit,
295 1940 370 1994 vobis
382 1941 521 1994 Furiarum
535 1957 584 2010 ego
596 1942 715 1994 maxima
726 1941 823 2010 pando.

140 2009 243 2062 ltaliam
257 2027 335 2063 cursu
348 2011 454 2079 petitis,
470 2011 613 2079 ventisque
625 2010 727 2064 vocatis

140 2077 216 2131 ibitis
228 2079 338 2148 Italiam,
352 2089 495 2148 portusque
510 2079 605 2132 intrare
618 2080 724 2133 licebit:

140 2147 192 2208 Sed
205 2164 255 2200 non
268 2157 331 2201 ante
343 2148 432 2202 datam
446 2149 559 2216 cingetis
576 2149 716 2202 moenibus
728 2147 831 2218 urbem,
938 2150 988 2200 255

139 2216 227 2274 Quam
240 2233 288 2270 vos
299 2217 357 2270 dira
368 2217 455 2270 sames
466 2227 624 2287 nostraeque
637 2217 730 2287 injuria
742 2217 833 2270 caedis
890 2255 892 2260 r

139 2285 275 2339 Ambesas
286 2286 390 2355 subigat
402 2285 481 2339 malis
492 2286 635 2340 absumere
648 2287 784 2340 mensas!²

139 2354 220 2424 Dixit,
234 2364 261 2406 et
273 2356 299 2408 in
312 2356 406 2409 silvam
420 2355 515 2424 pennis
526 2355 616 2409 ablata
628 2355 733 2424 relugit.

139 2425 175 2477 At
189 2425 267 2476 sociis
279 2424 366 2477 subita
377 2425 482 2493 gelidus
494 2425 635 2478 formidine
648 2425 757 2493 sanguis

139 2493 259 2560 Derignit
267 2509 275 2561 3
294 2494 416 2547 cecidere
427 2495 520 2563 animi,
533 2511 584 2546 nec
594 2493 648 2563 jam
661 2495 777 2563 amplius
789 2491 879 2562 armis,
939 2494 990 2544 260

138 2561 191 2614 Sed
204 2562 272 2614 votis
283 2563 459 2632 precibusque
470 2563 565 2632 jubent
577 2580 721 2632 exposcere
734 2578 838 2631 pacem,

138 2630 201 2684 Sive
213 2632 290 2696 deae,
304 2649 350 2683 seu
365 2631 416 2684 sint
428 2632 501 2684 dirae
514 2632 700 2702 obscenaeque
714 2631 842 2683 volucres.

139 2701 174 2753 Et
185 2708 262 2769 pater
273 2699 407 2753 Anchises
418 2702 504 2769 passis
515 2701 550 2753 de
562 2701 638 2754 litore
650 2701 748 2780 palmis

138 2769 259 2822 Numina
271 2786 368 2837 magna
380 2779 464 2839 vocat,
478 2770 640 2839 meritosque
653 2770 744 2822 indicit
757 2768 885 2822 honores:

139 2839 157 2869 '·‘
164 2838 207 2907 Di,
220 2838 359 2907 prohibete
371 2839 473 2892 minas:
493 2840 527 2907 di,
541 2840 623 2892 talem
635 2839 746 2892 avertite
757 2854 859 2906 casum,
939 2836 990 2887 255
1031 2894 1034 2903 V

98 2984 150 3030 231.
167 2981 236 3030 Aro.
268 2981 309 3030 To
323 2982 365 3030 the
381 2983 442 3043 gods
453 2998 517 3030 were
528 2982 619 3031 offered
630 2982 717 3042 during
727 2982 769 3029 the
779 2989 860 3040 repast
876 2981 918 3028 the
933 2995 990 3040 pars

69 3040 171 3102 praedae
179 3040 266 3088 vowed
273 3050 298 3088 to
307 3041 466 3089 them-232.
478 3041 587 3096 Diverso,
596 3042 656 3090 used
666 3040 844 3099 substantively
851 3040 887 3088 lor
894 3039 991 3089 diversa

69 3102 244 3160 parte-234.
263 3099 297 3146 Ut
312 3103 544 3162 capessant-239.
562 3100 675 3148 Misenus
693 3116 743 3147 was
759 3100 801 3146 the
817 3109 951 3158 trumpeter
961 3099 991 3148 ol

70 3160 169 3207 Aeneas
179 3165 229 3211 (see
240 3159 273 3205 ui.
283 3162 343 3216 162),
354 3159 431 3206 hence
442 3158 542 3206 cercior
553 3175 623 3206 aerea
634 3160 736 3207 tuba-
743 3161 794 3206 241.
806 3157 920 3213 Foedcre,
929 3158 991 3206 used

71 3234 97 3266 as
112 3234 127 3265 a
142 3217 296 3265 substantive
312 3218 337 3264 in
353 3234 366 3264 a
384 3217 488 3276 position
500 3216 560 3264 with
594 3221 673 3266 roella.
696 3217 743 3264 See
757 3217 842 3278 (ἕως.
854 3217 886 3265 iv.
898 3220 991 3264 554.-

71 3281 121 3324 252.
133 3275 274 3324 Furiarum.
293 3276 348 3324 The
381 3276 445 3324 aries
454 3276 500 3324 and
513 3276 553 3323 the
588 3277 666 3335 arpies
675 3291 716 3323 are
727 3277 784 3323 here
796 3274 991 3324 conlounded.-

72 3334 238 3391 254.,1toliam.
256 3334 312 3383 Tha
323 3350 394 3394 prose
405 3335 571 3384 construction
582 3335 663 3383 would
675 3335 769 3394 require
781 3335 805 3382 in
816 3350 843 3382 or
854 3333 892 3382 ad.
899 3333 989 3396 -252.

72 3393 169 3504 iiim&
175 3393 238 3444 from
253 3394 326 3444 mals.
355 3393 405 3444 For
421 3393 463 3443 the
480 3392 610 3442 lulfilment
626 3393 654 3442 ol
671 3393 720 3441 this
741 3393 872 3453 prophecy,
890 3405 931 3438 see
947 3401 989 3435 viu

117 3489 124 3512 r
170 3469 192 3502 θ·
571 3502 573 3506 ⁴

172 3529 218 3583 08
