2308 3780
403 284 409 297 x
492 230 585 273 uult!
605 231 650 273 lli.

177 357 307 428 conjugia
315 357 441 411 semilae
450 357 542 426 Pyrrhi
554 358 722 427 sceptrisque
729 359 855 428 potitum,

178 428 213 480 Et
226 429 309 495 patrio
323 428 528 480 Andromachen
542 428 641 479 iterum
652 429 767 481 cessisse
779 431 883 483 marito.

177 496 316 566 Obstupui,
330 498 450 565 miroque
463 499 604 549 incensum
615 506 709 564 pectus
720 515 819 568 amore,

178 565 344 634 Compellare
357 566 442 618 virum
456 576 482 625 et
494 583 574 617 casus
586 582 747 632 cognoscere
760 577 855 623 tantos.

178 635 330 702 Progredior
340 643 422 703 portu.
435 634 527 689 classis
538 642 565 689 et
576 634 652 686 litora
664 635 804 706 linquens,
979 639 1029 689 300

177 703 317 757 sollemnis
328 722 390 758 cum
404 705 470 756 sorte
483 706 568 772 dapes
580 712 607 755 et
621 705 705 756 tristia
716 705 786 758 dona

176 775 249 826 Ante
261 773 358 827 urbem
369 775 397 826 in
408 774 469 827 luco
482 774 542 827 salsi
556 773 700 827 Simoentis
709 775 747 827 ad
758 776 861 828 undam

178 841 291 896 Libebat
303 843 385 896 cineri
398 842 594 911 Andromache,
608 844 753 913 Manisque
766 845 879 899 vocabat

176 911 339 965 Hectoreum
351 912 386 965 ad
399 913 542 979 tumulum,
557 912 635 965 viridi
646 929 728 982 quem
741 915 844 984 cespite
856 914 966 971 inanem

177 981 212 1033 Et
224 982 353 1049 geminas,
367 999 478 1035 causam
493 981 619 1049 lacrimis,
633 993 783 1036 sacraverat
795 1000 865 1038 aras.
977 985 1029 1037 305

177 1049 214 1103 Ut
226 1067 271 1103 me
283 1051 420 1120 conspexit
434 1052 586 1104 venientem
599 1062 626 1102 ct
639 1052 719 1104 Troia
730 1053 832 1106 circum

176 1121 261 1172 Arma
271 1137 368 1172 amens
379 1121 453 1188 vidit,
467 1120 572 1188 magnis
584 1121 708 1174 exterrita
721 1122 845 1176 monstris

176 1187 299 1257 Deriguit
311 1190 371 1242 risu
383 1189 409 1242 in
423 1190 519 1257 medio,
533 1189 605 1243 calor
615 1207 676 1242 ossa
690 1191 811 1259 reliquit,

177 1256 295 1328 Labitur,
308 1268 335 1311 et
348 1258 425 1326 longo
437 1260 483 1313 via
494 1259 602 1312 tandem
616 1267 736 1328 ternpore
748 1259 833 1312 latur:

180 1327 198 1359 “
207 1327 311 1380 Verane
324 1337 350 1380 te
364 1327 455 1398 iacies,
469 1346 549 1381 verus
561 1328 628 1381 mihi
641 1330 750 1382 nuntius
761 1329 860 1398 adsere,
976 1331 1029 1382 310

176 1395 248 1449 Nate
261 1397 333 1450 deul
352 1399 475 1451 vivisnet
492 1405 547 1466 aut,
560 1399 582 1449 si
595 1397 642 1452 lux
652 1399 725 1451 alrna
738 1400 853 1467 recessit,

177 1465 277 1519 Hector
289 1466 334 1520 ubi
348 1476 388 1518 est
397 1468 428 1520 2²²
441 1468 515 1534 dixit,
530 1468 707 1537 lacrimasque
719 1468 815 1520 effudit
827 1477 853 1520 et
866 1483 975 1522 ornnem

177 1535 304 1604 Implevit
317 1536 435 1589 clamore
448 1536 546 1591 locum.
582 1537 633 1589 Vix
646 1555 732 1606 pauca
744 1537 843 1593 furenti

87 1633 91 1639 ·
177 1603 300 1674 Subjicio,
315 1615 342 1657 et
355 1607 420 1658 raris
431 1606 551 1659 turbatus
564 1606 674 1659 vocibus
685 1605 773 1660 hisco:

179 1674 270 1726 “Vivo
279 1675 414 1743 equidem,
424 1676 563 1743 vitamque
572 1689 691 1729 extrema
700 1675 942 1746 peremniaduco3
978 1678 1029 1728 ³15

176 1742 221 1796 Ne
233 1742 333 1812 dubita,
347 1761 409 1798 nam
422 1761 485 1797 vera
497 1746 582 1797 vides.
889 1800 895 1814 ,

176 1812 252 1865 Heu!
272 1813 334 1881 quis
346 1823 372 1866 te
385 1830 464 1869 casus
476 1814 611 1883 dejectam
623 1813 736 1883 conjuge
748 1823 821 1867 tanto

178 1881 306 1950 Excipitl
324 1892 369 1935 aut
382 1900 451 1952 quac
463 1883 545 1951 digna
558 1885 624 1937 satis
636 1884 739 1936 fortuna
752 1883 863 1937 revisit?

177 1950 302 2003 Hectoris
313 1952 501 2006 Andromache
515 1952 635 2022 Pyrrhin'
648 1953 781 2006 connubia
793 1969 885 2005 serras
893 1952 923 2006 2³²

177 2019 283 2090 Dejecit
296 2021 400 2074 vultum
411 2031 438 2074 et
450 2021 569 2075 demissa
580 2038 646 2074 voce
658 2023 747 2074 locuta
759 2030 815 2077 eet:
979 2024 1031 2073 320

179 2090 227 2143 “O
238 2089 305 2144 felix
316 2100 443 2143 anaante
455 2092 523 2144 alias
535 2091 669 2144 Priameia
681 2093 761 2161 virgo,
831 2092 835 2098 “

177 2159 309 2212 Hostilem
321 2159 356 2211 ad
370 2160 502 2214 tumulum
515 2161 611 2229 'l'rojae
624 2160 675 2214 sub
687 2160 828 2215 moenibus
839 2160 902 2214 altis

177 2229 259 2282 Jussa
271 2229 345 2296 mori,
358 2246 427 2298 quae
440 2231 547 2283 sortitus
558 2246 609 2282 non
622 2230 730 2299 pertulit
742 2230 818 2300 ullos,

177 2298 239 2351 Nec
250 2299 357 2351 victoris
369 2299 427 2352 heri
439 2299 486 2352 teti
507 2300 524 2351 it
536 2299 643 2368 captiva
654 2299 760 2353 cubile!
813 2352 815 2355 .

176 2368 242 2436 Nos,
257 2368 341 2436 patria
353 2367 471 2435 incensa,
484 2317 591 2421 diversa
604 2386 650 2437 per
661 2386 777 2438 aequora
789 2376 885 2420 vectae
979 2369 1029 2418 825

177 2437 272 2506 Stirpis
283 2436 423 2490 Achilleae
435 2437 521 2490 fastus
531 2437 715 2507 juvenemque
727 2438 881 2507 superbum,

103 2554 109 2562 .
177 2505 289 2560 Servitio
302 2507 405 2576 enixae,
419 2506 545 2575 tulimus,
563 2509 609 2576 qui
621 2507 728 2574 deinde,
742 2516 851 2559 secutus

177 2575 315 2629 Ledaeam
329 2576 490 2629 Hermionen
506 2576 785 2644 Lacedaemoniosque
803 2574 821 2627 h
841 2589 977 2642 menaeus,

178 2645 227 2697 Me
240 2643 340 2698 famulo
352 2643 536 2715 famulamque
549 2645 651 2698 Heleno
664 2644 808 2697 transmisit
821 2592 982 2696 llubendarn.

177 2717 228 2767 Ast
240 2713 326 2783 illurn,
339 2723 448 2783 ereptae
460 2731 557 2782 magno
568 2713 753 2768 inflammatus
763 2728 855 2765 amore
977 2715 1029 2764 330

118 2831 191 2899 307.
207 2826 305 2874 Auem.
329 2825 387 2894 JI'he
403 2825 508 2884 position
524 2824 552 2873 of
564 2825 613 2873 this
624 2824 691 2872 word
702 2825 820 2873 indicates
830 2823 882 2871 that
894 2823 913 2871 it
925 2839 976 2871 was
987 2823 1030 2905 3¹¹?

102 2882 1030 3046 carenacumrcaarrrrrrmqera

101 3004 251 3059 sometimes
261 3005 294 3071 by
304 3002 347 3049 Vrr
374 3001 389 3048 l.
412 3002 460 3049 See
470 3018 503 3051 vr.
514 3005 568 3070 779,
591 3001 646 3048 The
656 3011 768 3059 question
777 3001 859 3048 shows
869 3009 877 3046 t
896 3009 920 3046 at
930 3000 1030 3048 Aeneas

102 3064 153 3115 had
165 3073 209 3110 not
221 3060 333 3109 believed
344 3072 354 3107 t
372 3076 386 3107 e
398 3071 478 3119 report
489 3060 628 3108 mentioned
639 3064 693 3116 294,
707 3059 756 3107 dcc.
765 3085 789 3094 -
799 3063 850 3106 321.
868 3058 1003 3164 Poquena,
1016 3073 1031 3107 a

102 3123 228 3183 daughter
238 3121 266 3169 os
275 3121 366 3175 Priam,
376 3135 426 3166 was
438 3120 501 3167 slain
511 3135 543 3167 on
554 3119 595 3166 the
607 3135 679 3179 grave
689 3118 716 3166 ol
725 3117 845 3173 Achilles,
856 3127 915 3184 tow
934 3132 974 3164 om
985 3117 1030 3165 she

101 3198 156 3230 was
171 3196 204 3229 on
220 3180 264 3227 tha
281 3179 347 3239 point
365 3177 393 3225 os
408 3178 464 3226 boin
498 3178 601 3226 married
616 3178 688 3225 when
708 3176 776 3224 Puris
793 3176 855 3223 slew
870 3175 1030 3223 han—327.

101 3241 208 3293 Εηίεαε.
241 3236 415 3287 Andromache
427 3194 561 3285 hudborne
578 3236 646 3284 three
658 3236 766 3284 children
778 3245 803 3282 to
815 3235 834 3281 P
854 3235 931 3281 rrhus.
939 3236 1030 3299 —3280

102 3299 250 3354 Hermione,
263 3296 460 3358 granddaughter
471 3296 498 3344 ol
506 3294 583 3350 Leda,
596 3293 643 3342 and
654 3294 773 3354 daughter
784 3293 812 3340 of
848 3292 957 3346 unolaus,
971 3291 1031 3393 krrrq

102 3357 133 3407 ol'
145 3358 244 3418 Sparta,
257 3355 306 3405 hod
321 3357 385 3404 been
401 3355 529 3403 betrothed
541 3364 567 3401 to
580 3354 692 3408 Orestes,
705 3367 750 3399 son
761 3350 789 3398 of
801 3351 973 3410 Agamemnon
983 3362 1013 3393 an

103 3415 385 3478 clytemnestra-329.
398 3412 438 3462 To
449 3422 572 3463 aserraut
584 3427 646 3473 gare
657 3425 706 3468 me,
715 3410 772 3459 who
783 3424 834 3457 was
845 3409 897 3457 also
908 3422 922 3454 a
932 3410 1030 3454 serrant

103 3478 313 3539 “swalewoel-
392 3499 395 3504 ’
