2320 3744
508 208 612 252 'arsura
630 212 666 253 tre
1009 196 1054 260 n

129 356 133 365 ·
164 342 168 351 ’
192 337 301 393 scilieet
310 338 438 395 omuibus
449 346 492 393 est
504 338 579 393 labet
589 339 798 411 impendendus,
811 347 839 395 et
850 356 948 395 omnen

191 408 337 476 Cogendae
347 409 375 461 iu
388 409 493 462 uuleurn
505 427 540 462 ae
549 410 637 463 multa
648 411 775 464 meroede
786 410 948 466 domandae.

225 477 280 532 seu
292 479 394 531 trunois
405 479 482 531 oleae
494 479 600 549 melius,
614 481 758 550 propagine
770 481 841 534 uites
903 483 906 488 ’
979 480 982 487 '

139 556 144 563 '
194 548 371 618 Respondent,
385 547 471 601 solido
484 549 602 618 Paphiae
613 551 650 602 de
660 553 755 603 robore
764 560 881 622 myrtus.
980 588 983 592 ‹

191 617 296 671 Plautia
305 626 335 670 et
346 617 431 673 durae
439 618 525 688 euryli
538 627 691 690 naseuntur,
704 629 733 673 et
744 621 839 688 ingena
1014 627 1050 677 dd

128 710 131 717 ¹
165 719 171 730 ·
191 686 331 757 Fraxinus,
344 687 550 758 Herculeaeque
563 688 642 742 arb'os
654 689 782 743 umbrosa
792 704 913 763 auronae,

191 757 359 826 Chaoniique
370 757 453 826 patris
464 757 592 825 glandee3
610 758 696 811 etiam
707 759 791 812 ardua
803 760 896 830 palma
968 756 973 767 ⁸

190 827 325 895 Nascitur,
338 833 366 878 et
376 838 460 880 caeos
469 825 547 879 abies
558 827 648 881 visura
656 829 785 882 nunnus·

226 896 355 950 Inseritur
366 912 430 948 reru
441 905 469 949 et
480 897 559 950 nueis
569 897 682 950 arbutus
694 898 799 951 horrida
809 897 883 970 letu3

190 967 227 1021 Et
239 965 346 1019 steriles
356 965 458 1034 platani
470 966 557 1019 malos
567 982 677 1034 gessae
690 967 805 1022 valentia
811 984 820 1038 3
1013 974 1048 1028 70

126 1046 130 1055 ·
146 1074 151 1081 ·
165 1036 171 1044 '
190 1037 342 1090 Castaneae
353 1035 439 1104 fagus,
452 1051 587 1105 ornusque
600 1037 718 1091 incanuit
729 1037 792 1091 albo

190 1106 270 1160 Flore
282 1105 340 1175 piri,
353 1105 537 1174 glandemque
549 1122 613 1159 sues
622 1106 730 1174 fregere
740 1107 792 1160 sub
800 1106 895 1162 ulmis.

224 1176 252 1229 N
253 1192 285 1229 eo
297 1175 395 1228 modus
405 1175 524 1228 inserere
536 1184 620 1245 atque
628 1175 723 1229 oeulos
734 1177 872 1247 imponere
883 1177 1011 1249 simplex.
1052 1210 1054 1215 .

189 1246 271 1316 Nam,
284 1262 338 1315 qua
350 1258 380 1298 ee
391 1244 486 1299 medio
496 1245 606 1299 trudunt
616 1245 654 1298 de
665 1246 763 1300 eortiee
774 1263 910 1320 gemmae,

190 1316 226 1369 Et
238 1315 328 1371 tenuis
339 1323 466 1385 rumpunt
477 1315 590 1385 tuuieas,
601 1323 734 1383 augustus
745 1316 843 1386 inipso
969 1318 973 1323 ’
1012 1323 1047 1374 to

189 1385 233 1439 Fit
245 1385 315 1439 nodo
323 1385 401 1439 sinus
408 1401 417 1453 5
435 1383 490 1438 hue
501 1385 592 1438 aliena
601 1400 638 1438 ea
648 1384 741 1439 arbore
752 1402 865 1454 germen

189 1454 342 1524 includunt,
355 1455 463 1525 udoque
475 1454 574 1508 dooeut
585 1454 733 1509 inolescere
744 1455 821 1508 libro.

189 1530 245 1579 Aut
257 1540 363 1578 rursum
374 1524 476 1578 enodes
487 1525 574 1578 trunei
587 1533 748 1595 resecantur,
762 1534 788 1578 et
800 1525 856 1578 alte

189 1594 314 1649 Fiuditur
326 1595 351 1647 in
364 1594 480 1648 solidum
493 1594 589 1648 euneis
600 1595 659 1662 ria3
677 1594 775 1647 deinde
788 1596 893 1649 feraces

187 1665 302 1718 Plantae
314 1664 509 1718 immittuntur:
528 1680 580 1717 nee
591 1664 701 1734 longum
714 1674 829 1737 tempus,
842 1674 871 1720 et
882 1667 980 1737 ingene
1011 1671 1046 1723 80

188 1735 262 1788 Exiit
274 1734 309 1793 ad
321 1734 428 1787 eoelum
441 1734 523 1788 ramis
534 1734 662 1788 felicibus
671 1734 758 1805 arboe,

187 1805 358 1873 Miraturque
370 1820 454 1857 norae
465 1803 575 1857 frondes
586 1812 613 1857 et
626 1821 678 1857 non
690 1821 740 1858 aua
751 1820 842 1875 poma.

223 1874 368 1928 Praeterea
378 1890 468 1942 genoe
478 1873 550 1927 haud
561 1889 656 1942 unum,
670 1890 722 1928 nee
733 1874 846 1928 sortibus
855 1873 946 1948 ulmis,

129 1941 135 1953 “
185 1945 215 1999 N
215 1961 248 1998 eo
260 1943 337 1997 salici
350 1943 465 2014 lotoque,
478 1960 568 2066 neque
581 1944 669 1997 Idaeis
681 1945 841 2013 cyparissis3

186 2015 248 2069 Nee
260 2014 375 2083 pingues
386 2029 470 2068 unam
481 2015 508 2067 in
532 2013 619 2066 aciem
632 2022 778 2069 nascuntur
788 2014 886 2085 olivae,
1009 2019 1045 2071 85

122 2106 128 2121 «
164 2083 171 2091 “
187 2082 334 2152 Orehades,
347 2091 375 2136 et
387 2082 462 2152 radii,
474 2092 503 2136 et
513 2100 608 2136 amara
619 2084 713 2153 pausia
724 2083 827 2152 baoua3

186 2154 329 2223 Pomaque
339 2161 368 2205 et
379 2152 486 2207 Alein'oi
497 2153 599 2221 silvae;
617 2168 669 2206 nee
679 2152 801 2206 sursulus
812 2153 887 2207 idem

187 2222 350 2278 Crustumiis
362 2222 499 2293 Syriisque
510 2223 576 2293 piris
587 2221 769 2292 gravibusque
781 2222 904 2277 volemis.

185 2295 248 2348 Non
261 2293 359 2347 eadem
372 2293 510 2346 arboribus
520 2291 622 2362 pendet
630 2292 773 2346 uindemio
784 2293 888 2364 nostris,

185 2364 276 2424 Quam
289 2363 487 2433 Methymnaeo
497 2361 582 2432 carpit
591 2361 628 2413 de
640 2362 752 2432 palmite
765 2362 877 2416 Lesbos.
1011 2367 1047 2418 90

122 2458 128 2473 ·
185 2434 253 2488 Sunt
264 2432 381 2486 Thasiae
392 2432 471 2502 uites,
484 2439 546 2485 sunt
558 2440 586 2484 et
597 2431 764 2485 Mareotides
774 2430 892 2484 albae-

184 2503 337 2572 Pinguibus
348 2502 400 2556 hae
412 2503 488 2555 terris
500 2500 615 2570 habiles,
626 2501 772 2556 leuioribus
783 2501 884 2554 illae-
924 2516 926 2521 ’

186 2575 222 2628 Et
234 2589 314 2643 passo
327 2571 429 2625 Psithia
440 2571 530 2624 utilior
542 2573 683 2642 tenuisque
697 2571 810 2640 Lageus,

184 2643 336 2696 Tentatura
345 2641 432 2713 pedes
442 2640 508 2694 olim
519 2641 696 2711 vincturaque
707 2641 846 2710 linguam3

184 2713 349 2782 Purpureae,
362 2711 540 2781 preoiaeque;
557 2719 674 2782 et-quo
686 2719 715 2764 te
726 2709 846 2764 carmine
857 2709 958 2784 diuam,
1011 2716 1046 2766 98

183 2781 335 2838 Rhaetioal
353 2797 405 2835 nee
416 2780 494 2834 cellis
505 2780 566 2833 ideo
578 2780 711 2834 contende
723 2779 855 2834 Falernis.

183 2852 253 2907 Sunt
265 2859 293 2904 et
304 2851 457 2905 Aminneae
466 2851 545 2920 vites,
557 2851 712 2904 firmissima
722 2851 794 2919 vina,

184 2920 311 2976 Tmolius
322 2921 444 2989 adsurgit
455 2920 553 2991 quihus
563 2929 593 2973 et
604 2935 653 2975 rex
662 2920 723 2990 ipae
734 2920 897 2989 Phanaeue3

184 2993 344 3062 Argitisque
355 2990 451 3060 minor,
464 2990 509 3044 eui
521 3006 575 3044 non
586 2989 729 3043 certaverit
740 2989 798 3043 ulla

110 3082 1048 3105 *dn-*mmm

142 3132 231 3180 ea-ufl.
246 3128 284 3177 Ol
295 3138 361 3178 trees
371 3137 398 3176 to
408 3128 440 3176 be
451 3128 590 3189 artificially
599 3140 659 3189 prop
707 3127 758 3184 ted,
772 3129 864 3178 cenuin
875 3128 989 3179 methodo
1004 3142 1049 3181 are

110 3192 171 3241 beat
188 3186 349 3248 adaptentur
364 3187 478 3236 different
493 3192 677 3237 treee.-69-7
696 3224 701 3235 .
718 3187 837 3236 Different
853 3188 989 3238 fruit-trees
1005 3200 1046 3238 ute

112 3250 172 3300 beat
186 3248 294 3317 adopted
309 3248 347 3296 for
361 3245 536 3308 ingraiting'on
546 3247 639 3296 certain
648 3247 740 3296 ethera.
749 3251 875 3298 *ta-77.
891 3248 1048 3309 Inoculating

113 3308 139 3358 ia
161 3307 441 3358 duacenae-’leta
463 3306 601 3369 lngrafting
621 3322 709 3367 proper
728 3306 751 3355 ie
770 3306 949 3357 described-
960 3308 1048 3355 ue-ea

114 3365 203 3417 'l'here
217 3380 261 3417 are
276 3365 390 3419 different
406 3367 501 3438 speeies
517 3366 546 3416 ol
564 3367 606 3415 the
622 3381 691 3415 same
712 3364 818 3417 hindei
833 3366 1047 3441 tree.·*89†108.

114 3424 342 3544 Bpeuiulththere
353 3441 395 3480 ure
405 3425 520 3516 different
530 3426 628 3492 aperies
638 3422 667 3478 of
677 3425 743 3476 vine.
1018 3470 1050 3497 ‚a
