2282 3790
493 148 586 191 nmen
605 148 669 189 rnr.
983 132 1043 202 Μ,

108 304 110 308 ·
194 277 254 336 Quo
265 284 293 331 te
305 293 422 348 cumque
434 277 517 346 loeus,
529 277 703 331 miserantem
715 275 885 328 incommode
896 284 992 346 nostre,

106 362 114 369 ·
196 346 281 399 Fonte
294 355 375 416 tenet,
389 362 559 416 quocumque
572 346 626 398 solo
638 344 836 414 pulcherrimus
847 345 913 412 esis,
1002 348 1042 400 dd

195 416 308 485 Semper
319 416 417 469 honore
428 432 498 483 meo,
511 431 618 484 semper
629 413 801 466 celebrabere
813 413 896 482 donis,

196 485 323 552 Corniger
335 484 512 554 Hesperidum
526 485 637 537 Fluvius
649 491 770 549 regnator
781 499 921 550 equorum.

196 553 277 606 Adsis
288 570 304 605 o
316 562 427 622 tantum,
440 562 466 605 et
479 554 586 623 propius
596 561 643 604 tue
655 552 765 604 numine
778 551 888 603 firmes!

196 622 239 674 Sic
250 631 388 692 memorat,
401 623 577 691 geminosque
591 621 655 689 legit
666 620 703 672 de
714 621 800 672 classe
813 619 931 689 biremis,

195 690 374 760 Remigioque
384 700 473 760 optst3
492 693 578 743 socios
590 690 670 743 simul
682 689 786 742 instruit
797 689 888 742 ermis.
1010 694 1043 742 80

231 760 303 812 Ecce
315 769 406 813 autem
418 760 536 813 subitum
548 769 629 829 etque
640 758 725 811 oculis
736 757 857 811 mirabile
869 765 1025 828 monstrum,

196 828 316 880 Candide
329 845 376 898 per
387 829 481 881 silvam
494 842 559 881 cum
570 829 626 881 fetu
637 827 760 880 concolor
770 827 832 880 elbo

197 896 341 950 Procubuit
352 898 484 965 viridique
496 899 523 950 in
536 898 611 950 litore
623 897 783 966 conspicitur
795 910 855 948 sus:

196 965 285 1024 Quam
297 967 358 1036 pius
369 969 478 1019 Aeneas
490 967 537 1019 tibi
550 967 632 1035 enim,
645 967 701 1034 tibi,
715 966 834 1018 maxime
844 965 922 1034 June,

197 1035 308 1104 Madet,
322 1052 397 1087 secra
410 1035 505 1105 serene,
519 1045 547 1089 et
558 1050 621 1088 curn
633 1050 716 1103 grege
728 1035 796 1087 sistit
808 1034 843 1086 ad
855 1050 938 1087 erem.
1009 1039 1044 1088 85

197 1103 315 1174 Thybris
325 1121 359 1156 ea
371 1104 492 1172 fluvium,
506 1120 586 1175 quam
599 1105 739 1172 longeest,
752 1112 829 1156 nocte
842 1112 992 1158 tumentem

197 1173 291 1242 Leniit‚
305 1183 333 1225 et
344 1174 427 1225 tacite
439 1175 555 1226 refluens
567 1176 603 1226 ita
616 1172 823 1240 substituenda,

196 1241 274 1296 Mitis
283 1251 313 1295 ut
326 1243 353 1294 'm
365 1258 466 1295 morem
480 1245 565 1312 stagni
579 1242 753 1313 placidaeque
765 1240 872 1309 paludis

197 1310 330 1363 Sterneret
341 1326 441 1380 aequor
451 1313 535 1381 aquis,
550 1329 624 1365 remo
636 1319 664 1364 ut
670 1309 811 1371 ⁴lucturneu
823 1311 940 1364 obesset.

198 1381 268 1447 Ergo
280 1381 330 1432 iter
340 1381 478 1449 inceptum
490 1383 607 1434 celerant
619 1397 725 1433 rumore
735 1379 864 1431 secundo.
1010 1385 1044 1434 9⁰

197 1449 306 1501 Labitur
317 1457 397 1502 uncto
408 1450 485 1502 vedis
495 1451 586 1518 abiee3
604 1451 733 1502 mirentur
743 1457 770 1500 et
783 1448 878 1516 undae,

196 1517 309 1571 Miratur
320 1535 417 1571 nemus
427 1518 561 1572 insuetum
573 1518 704 1587 fulgentis
717 1518 794 1585 longe

125 1626 132 1635 .
197 1586 277 1639 Scuto
287 1587 375 1640 vimm
387 1588 474 1656 fluvio,
489 1588 628 1657 [nctesque
641 1589 733 1640 innare
744 1587 858 1640 carinas.

197 1655 249 1709 Olli
261 1657 371 1724 remigio
383 1666 543 1726 noctemque
555 1657 683 1726 diemque
695 1655 814 1724 fatigant,

197 1725 232 1778 Et
245 1724 336 1793 longos
347 1735 472 1794 superant
484 1727 577 1796 flexus,
591 1727 723 1794 variisque
736 1733 861 1792 teguntur
1010 1730 1043 1779 95

196 1793 348 1863 Arboribus,
362 1794 505 1863 viridisque
517 1804 608 1847 secent
621 1793 725 1864 placido
735 1809 850 1860 aequore
862 1792 953 1847 silvae.

197 1862 241 1915 sot
251 1862 372 1915 medium
385 1863 452 1915 coeli
464 1865 653 1916 conscenderet
666 1864 759 1931 igneus
771 1862 872 1931 orbem,

125 1996 128 2001 y
197 1932 263 1984 Cum
277 1948 366 1984 muros
377 1948 521 2001 arcemque
534 1933 623 2002 procul
635 1949 669 1985 ac
680 1949 738 1984 rere
749 1930 889 1984 domorum

197 2000 282 2053 Tecta
292 2001 386 2053 vident
393 2016 401 2068 3
419 2018 490 2070 quae
503 2018 573 2055 nunc
585 2003 703 2055 Romana
715 2001 834 2069 potentie
844 2000 921 2053 coelo

197 2070 346 2138 Aequarit3
365 2079 421 2122 tum
434 2087 477 2123 res
489 2071 582 2140 inopes
593 2070 732 2124 Evandrus
744 2070 869 2123 habebat.
995 2074 1044 2124 100

197 2138 277 2192 Ocius
288 2139 428 2193 advertunt
441 2156 537 2208 prorae,
552 2140 663 2208 urbique
675 2140 858 2208 propinquant.

232 2206 308 2259 Forte
321 2210 366 2261 die
378 2209 538 2261 sollemnem
550 2209 594 2260 illo
606 2226 653 2261 rex
665 2212 749 2262 Arcas
761 2208 888 2262 honorem

197 2277 451 2346 Amphitryoniadae
462 2294 560 2345 magno
572 2277 696 2346 dirisque
709 2277 811 2330 ferebat

132 2405 134 2410 Ι
198 2347 269 2397 Ante
281 2345 374 2399 urbem
388 2348 414 2399 in
428 2347 496 2399 luco.
533 2347 622 2399 Pelles
634 2346 696 2399 huic
707 2346 778 2398 filius
791 2362 851 2415 una,

197 2413 256 2466 Una
266 2430 362 2466 omnes
373 2415 501 2484 juvenum
514 2417 592 2485 primi
604 2431 758 2485 pauperque
770 2423 880 2467 senatus
994 2418 1043 2474 tuo

197 2482 267 2535 Tura
279 2483 386 2552 debant,
397 2484 557 2554 tepidusque
568 2500 644 2538 cruor
655 2483 777 2537 fumabat
788 2483 823 2535 ed
831 2498 904 2535 eres.

196 2551 232 2605 Ut
245 2552 332 2604 celsas
345 2554 434 2606 videre
448 2564 524 2622 rates,
537 2562 618 2624 etque
630 2556 697 2606 inter
709 2568 823 2621 opacum

126 2646 130 2653 ·
196 2620 286 2674 Allabi
297 2638 400 2691 nemus,
414 2631 441 2675 et
454 2624 542 2675 tacitis
554 2623 708 2676 incumbere
721 2622 809 2692 remis,

196 2689 339 2745 Terrentur
351 2693 409 2744 visu
422 2692 518 2761 subito,
530 2693 672 2760 cunctique
685 2691 783 2745 relictis

189 2759 360 2828 *Consurgunt
371 2762 481 2814 mensis.
517 2761 613 2814 Audax
623 2778 692 2830 quoe
703 2777 826 2830 rumpere
839 2758 928 2815 Palles
995 2763 1044 2814 110

152 2901 194 2947 77.
213 2898 289 2946 com·
304 2915 337 2947 cra
369 2900 416 2948 See
437 2909 462 2947 et
481 2901 565 2963 Georg.
579 2900 614 2948 iv.
631 2904 683 2949 371.
715 2901 881 2961 Hesperidum.
913 2900 960 2948 See
981 2909 1006 2948 ot
1027 2902 1043 2949 i.

124 2960 178 3005 ⁵3⁰.
185 2985 217 2995 -—
224 2961 261 3005 83.
306 2960 366 3006 iridi
374 2961 526 3020 conspicitur,
540 2960 581 3007 the
592 2959 664 3006 effect
675 2959 703 3006 of
710 2959 752 3006 the
763 2967 871 3006 contrest
880 2958 909 3006 of
915 2958 1005 3007 colour.
1012 2986 1045 3000 -

122 3019 162 3065 sl.
179 3016 254 3064 Enim
264 3016 309 3064 hes
321 3016 362 3064 the
374 3017 437 3065 soree
448 3017 476 3065 os
483 3018 573 3076 utique.
581 3022 657 3065 -86.
677 3018 762 3079 Quam,
774 3018 822 3064 doc.
854 3017 902 3064 See
912 3026 937 3064 ot
948 3017 980 3066 iv.
991 3021 1042 3067 tea.

122 3076 201 3125 -87.
218 3075 340 3138 Bedriaco.
373 3076 510 3137 Returning
520 3088 546 3124 to
557 3078 589 3124 its
600 3092 694 3132 source,
708 3077 739 3124 its
750 3075 867 3124 noiseless
879 3091 944 3124 mass
955 3077 1044 3126 cenred

122 3143 150 3183 to
159 3134 306 3183 dom-90.
324 3135 435 3186 Rumon,
448 3136 490 3182 tlre
501 3135 587 3183 shoure
598 3135 626 3183 of
638 3135 678 3182 the
694 3150 794 3191 rewers,
806 3149 834 3183 or
845 3136 886 3181 the
897 3135 979 3194 gentle
996 3136 1042 3195 rip·

121 3193 231 3263 plingof
242 3193 386 3241 thewcves.
418 3194 533 3241 Secundo.
566 3193 847 3242 Secuntur-el.
869 3193 927 3242 Olli.
959 3195 1043 3243 Seeut

124 3268 138 3301 ι.
150 3255 289 3301 sod-96.
305 3251 395 3300 Procr‘rl
410 3252 496 3312 hythe
512 3253 676 3301 arsis-103.
693 3253 925 3321 Amphitryoniadae.
939 3263 1042 3311 epotro·

122 3311 696 3422 rturuluuuuuubrute
708 3310 1042 3430 '‘euru-rurum

101 3404 175 3423 ..
267 3385 373 3428 c·eu;
479 3386 550 3418 -es
609 3386 740 3428 neurus
807 3386 815 3418 1
