2308 3780
431 142 433 145 V
498 181 593 223 arara
612 181 653 223 rr.
675 157 678 164 ’
977 162 1034 225 001

182 306 236 365 tled
248 325 300 364 non
312 310 461 365 strauisse
472 310 571 365 volent.
607 309 692 379 Bella,
705 307 812 367 horrida
824 308 904 382 bella,

183 379 218 434 Et
230 379 362 450 Thybrim
375 381 459 434 multo
471 392 645 451 spumantem
656 379 786 448 sauguine
798 396 886 434 cerno.

182 449 244 503 Non
256 450 355 503 Simois
367 451 423 519 tibi,
437 469 487 503 nec
498 450 628 519 Xanthus,
642 467 693 504 nec
705 449 800 504 Dorica
811 460 900 519 castra

184 518 323 572 [latuerint
331 536 340 588 5
358 520 428 573 alius
440 521 515 573 Latio
526 519 583 589 jam
596 533 687 589 partus
699 518 828 589 Achilles,

182 588 271 642 Natus
283 597 310 641 et
323 590 331 641 i
351 607 380 643 se
393 591 445 643 dea
453 606 461 658 3
480 606 532 642 nec
544 591 656 657 Teucris
667 589 760 642 addita
771 589 841 642 Juno
1004 592 1038 643 00

185 658 306 727 Usquam
318 676 334 711 a
372 660 412 712 rit.
449 661 518 713 Cum
531 669 559 714 tu
572 659 686 729 supplex
699 660 725 712 in
738 658 818 712 rebus
829 657 924 727 egenis

182 726 258 785 Quas
268 730 356 797 gentis
368 729 466 782 Italum
477 738 523 782 aut
535 746 604 799 quas
615 746 667 783 non
679 728 797 781 omveria
810 727 907 782 urbes!

182 797 285 850 Caussa
298 798 362 850 mali
376 798 442 852 tanti
454 798 571 868 conjunx
584 799 680 852 iterum
694 797 800 869 hospita
812 797 932 869 Teucria¹

155 864 166 875 ’
183 866 348 936 Externique
360 868 457 922 iterum
471 867 590 921 thalami.

185 934 226 988 Tu
240 953 274 988 ne
286 939 355 990 cede
367 939 453 1006 malis,
467 937 515 991 sed
528 947 619 990 contra
629 936 770 991 audentior
782 936 818 991 ito

171 1004 273 1063 'Quam
286 1015 332 1060 tua
344 1018 371 1060 te
385 1007 501 1061 Fortuna
514 1008 592 1060 sinet.
628 1007 679 1060 Via
691 1007 777 1077 prima
788 976 917 1062 saluus-

184 1073 263 1133 Quod
276 1076 387 1129 minime
401 1077 582 1130 reris-Graia
594 1077 726 1146 pandetur
736 1076 772 1129 ab
784 1075 869 1131 urbe!

218 1144 332 1199 Talibus
344 1162 378 1199 ex
389 1146 471 1218 adyto
484 1146 563 1200 dictis
574 1147 695 1200 Cumaea
706 1145 807 1215 Sibylla

183 1212 335 1268 Horrendus
347 1216 418 1269 canit
430 1217 561 1286 ambages
571 1226 700 1285 antroque
714 1215 837 1284 remugit,

184 1283 312 1337 Obscuris
325 1301 387 1338 vera
399 1287 553 1340 involvens:
573 1303 606 1338 ea
618 1286 694 1339 frena
705 1285 805 1338 furenti
990 1288 1039 1338 100

184 1352 314 1423 Concutit,
328 1363 355 1408 et
367 1356 490 1409 stimulos
501 1356 552 1410 sub
564 1366 672 1425 pectore
684 1354 763 1408 vertit
776 1353 880 1425 Apollo.

183 1421 221 1477 Ut
234 1423 350 1503 primunt
360 1426 443 1478 cessit
454 1424 526 1478 furor
537 1435 564 1478 et
579 1424 671 1478 rabida
682 1441 729 1476 ora
740 1426 873 1496 quierunt,

184 1491 282 1563 lncrpit
295 1497 402 1548 Aeneas
413 1495 505 1549 heros:
526 1496 602 1548 ‘Non
614 1495 669 1547 ulla
680 1494 811 1563 laborum,

184 1562 208 1615 0
219 1563 300 1633 virgo,
313 1580 383 1616 nova
395 1566 433 1617 mi
446 1563 532 1618 iacies
542 1565 683 1634 inopinave
696 1564 795 1633 surgit3

185 1631 281 1686 Omnia
294 1634 419 1703 praecepi
430 1646 512 1703 atque
523 1636 614 1687 animo
626 1650 736 1686 mecum
748 1643 811 1687 ante
822 1633 925 1704 peregi.
992 1636 1040 1687 tot

184 1701 275 1756 Unum
287 1719 347 1756 oro:
367 1704 473 1773 quando
486 1704 531 1756 hic
543 1703 640 1757 inferni
650 1703 735 1773 janua
748 1704 818 1772 regis

185 1770 289 1825 Dicitur
301 1781 328 1825 et
341 1773 482 1826 tenebrosa
494 1774 572 1844 palus
585 1773 737 1828 Acheronte
750 1772 847 1843 retuso,

185 1840 227 1895 Ire
239 1841 273 1894 ad
287 1853 464 1912 conspectum
476 1844 530 1896 cari
542 1843 670 1912 genitoris
682 1852 709 1895 et
721 1859 767 1895 ora

185 1911 342 1981 Contingat3
360 1912 459 1965 doceas
471 1914 522 1966 iter
534 1923 560 1966 et
573 1929 649 1965 sacra
661 1913 729 1964 ostia
742 1910 853 1981 pandas.

185 1979 264 2034 lllurn
278 1997 329 2049 ego
377 2000 388 2034 r
400 1981 526 2035 flammas
537 1992 565 2035 et
577 1982 652 2036 mille
665 1981 805 2051 sequentia
818 1979 873 2034 tela
992 1983 1041 2034 110

186 2050 280 2120 Eripui
293 2051 335 2104 hie
366 2052 473 2118 umeris,
488 2051 632 2121 medioque
645 2067 680 2103 ex
691 2049 768 2103 hoste
783 2049 872 2121 recepi
880 2065 890 2120 3

185 2119 235 2173 Ille
247 2136 340 2173 meum
354 2122 496 2175 comitatus
508 2122 558 2174 iter
570 2121 656 2174 maria
666 2120 756 2174 omnia
769 2136 878 2174 mecum

186 2192 277 2259 Atque
289 2191 378 2243 omnis
389 2189 532 2260 pelagique
545 2191 633 2243 minas
644 2189 766 2259 coelique
779 2189 890 2261 ferebat,

184 2259 330 2325 Invalidus,
343 2260 408 2312 viris
420 2261 489 2313 ultra
500 2269 653 2329 sortemque
665 2269 801 2312 senectae.

121 2390 126 2399 .
185 2328 264 2399 Quin,
277 2337 307 2382 ut
321 2342 347 2381 te
360 2329 473 2399 supplex
484 2342 608 2400 peterem
619 2339 646 2381 et
658 2338 704 2382 tua
717 2329 810 2383 limina
820 2329 934 2400 adirem,
991 2330 1040 2381 110

142 2512 182 2558 86,
195 2508 366 2560 construeret
374 2520 395 2559 et
404 2513 482 2559 colent
490 2529 539 2559 non
547 2512 732 2559 venisse-88.
745 2508 795 2557 She
804 2507 946 2568 prophesiae
953 2518 1040 2558 events

112 2568 207 2620 similar
223 2579 248 2619 to
265 2570 330 2618 what
342 2569 389 2618 had
405 2569 452 2630 hap
469 2569 532 2618 ened
542 2580 567 2618 at
579 2570 655 2629 Troy.
688 2569 735 2616 See
746 2577 770 2616 at
782 2568 807 2617 ii.
818 2571 857 2623 27,
868 2583 891 2615 v.
901 2571 1039 2619 803.-89.

110 2627 252 2697 Det'acrint.
281 2629 395 2690 Looking
405 2639 430 2677 to
441 2585 483 2677 die
492 2630 559 2678 close
569 2629 597 2677 ol
603 2628 646 2676 the
655 2637 759 2696 contest,
773 2628 816 2675 the
825 2626 905 2674 future
914 2626 1007 2698 perfect
1017 2628 1040 2677 is

143 2688 248 2749 posrtely
260 2688 329 2737 used.
356 2687 477 2748 Compare
489 2688 548 2737 with
558 2688 600 2736 the
609 2687 734 2747 following
744 2703 774 2735 us
790 2703 846 2734 acm
855 2689 937 2735 aberat.
964 2686 1039 2736 Alius

135 2747 237 2816 elilim
257 2746 366 2805 Turnus,
380 2748 422 2795 the
433 2747 512 2796 future
524 2763 595 2795 anem
624 2702 881 2800 ofseness.i10m0t
893 2745 935 2794 the
946 2746 1040 2818 nymph

136 2806 210 2855 enrlra
217 2809 288 2865 (dem
306 2823 348 2855 sce
355 2823 378 2855 x.
388 2810 435 2861 76).
443 2811 519 2855 -90,
536 2806 586 2854 For
594 2763 1004 2867 111οέ111111ὴιιτεᾰωᾱᾱιω)
1014 2819 1040 2854 ro

109 2863 153 2913 the
163 2865 278 2925 Trojans,
289 2882 332 2914 see
341 2866 356 2915 i.
368 2870 404 2921 19,
415 2867 463 2914 dac.
471 2870 547 2914 -91.
568 2866 635 2921 Cam,
646 2880 695 2924 quo
705 2868 906 2923 tempora-92.
919 2865 1041 2972 Auufflni

108 2932 136 2972 to
152 2925 196 2972 the
210 2925 370 2984 applicatione
385 2925 422 2973 for
437 2926 572 2974 assistance
584 2924 655 2973 made
668 2926 700 2982 by
712 2926 812 2971 Aeneas
828 2933 854 2971 to
865 2923 979 2972 Evander
989 2939 1020 2972 au

108 2982 203 3038 others,
216 2984 334 3033 recorded
345 2985 370 3033 in
380 2985 423 3032 the
434 2984 518 3044 eighth
530 2983 576 3041 and
587 2986 739 3042 subsequent
756 2981 923 3030 books-93.
940 2982 1038 3031 lteram.

108 3042 149 3091 Aa
159 3043 241 3092 Helen
252 3059 303 3092 was
314 3044 356 3092 the
368 3059 440 3092 cause
457 3044 484 3091 os
497 3044 589 3103 Troy’s
605 3042 764 3098 destruction,
778 3056 806 3088 so
821 3040 884 3089 shall
901 3041 1011 3098 Lavinia,
1024 3058 1039 3090 a

109 3100 204 3164 foreign
217 3105 327 3165 (hospita)
340 3103 415 3159 bride,
426 3104 457 3150 be
468 3103 510 3151 the
519 3117 592 3150 cause
601 3102 630 3150 os
636 3116 694 3149 war.
701 3126 729 3136 -
736 3104 773 3148 96.
790 3099 875 3161 Quom,
890 3105 931 3147 ‘as
940 3100 976 3148 sar
983 3116 1010 3148 as
1018 3100 1036 3158 3'

107 3175 144 3217 or,
158 3161 220 3209 with
231 3178 245 3209 a
256 3163 341 3210 nobler
352 3163 475 3222 meaning,
488 3163 596 3209 increase
608 3162 633 3208 in
644 3160 768 3215 boldness,
782 3174 810 3207 so
821 3175 848 3206 aa
859 3159 943 3207 torisa
960 3162 1039 3207 above

108 3219 151 3268 the
168 3222 309 3280 opposition
324 3221 353 3270 of
364 3222 468 3270 fortuna.
501 3221 575 3268 Some
592 3219 648 3268 read
681 3222 804 3267 un.-97.
824 3218 919 3273 Graiu
939 3217 1037 3266 Pallan·

107 3288 187 3334 tcum.
200 3280 243 3329 the
255 3281 305 3340 city
316 3280 345 3330 os
351 3280 393 3328 the
403 3280 487 3328 Greek
498 3279 619 3327 Evander.
671 3292 700 3324 ee
712 3277 760 3325 viii.
772 3280 812 3333 97,
826 3276 971 3324 dac-100.
983 3275 1037 3332 Em·

106 3336 166 3389 talia
185 3350 213 3389 ut
229 3340 342 3390 obscuris
353 3355 412 3389 vera
427 3339 656 3406 involvant-10¹7..
672 3335 805 3384 Acheronte
823 3334 912 3396 refusa
945 3335 993 3385 See
1012 3341 1036 3382 at

105 3401 260 3459 wa-llo,
274 3399 324 3450 dac.
356 3399 404 3449 See
415 3398 482 3448 close
492 3397 522 3446 ot'
533 3399 558 3445 ir.
569 3395 618 3445 aad
626 3409 661 3444 ur.
