2282 3790
541 80 544 88 1
648 66 653 93 s

492 130 585 171 utana
604 130 648 171 rx.

177 256 296 327 Agnovit
301 255 420 328 juvenis,
433 255 603 327 duplicisque
615 256 651 310 ati
662 255 753 311 sidera
762 258 869 327 palmas
890 256 894 262 ’

178 326 297 397 Sustulit,
309 344 343 380 ao
355 326 402 380 tali
414 326 562 394 fugientem
573 335 615 380 eat
626 342 692 378 rooe
704 337 826 380 sequtus:

179 396 238 461 uri,
251 396 336 449 decus
348 396 424 464 coeli,
436 395 498 465 quis
509 405 536 448 te
548 395 615 448 mihi
627 395 743 448 nubibus
753 404 844 450 aotam

179 464 282 520 Detulit
293 465 320 518 in
332 464 435 519 terresi
452 463 524 518 unde
534 463 604 518 haee
617 475 671 517 tam
683 465 756 517 alara
767 475 877 533 repente

112 590 118 601 ,
179 534 361 604 Tempestasi
378 533 499 587 medium
512 533 591 586 rideo
601 533 741 586 diseedere
753 535 870 605 eoelum,

179 603 351 673 Palantisque
362 603 424 672 polo
436 603 536 655 stelias.
572 602 673 672 Sequor
682 604 774 654 omina
786 612 866 673 tanta,

179 673 308 741 Quisquis
319 673 348 731 in
358 689 435 725 arma
446 672 544 724 vooae!
583 673 618 725 Et
630 672 669 724 sio'
681 671 779 724 effatus
788 673 824 729 ad
836 672 939 729 undam

180 742 321 809 Processit,
334 757 494 811 summoque
507 741 594 794 hausit
606 740 641 793 de
653 741 756 809 gurgite
768 741 902 812 lymphas,

179 810 270 864 Multa
280 809 346 865 deos
357 826 442 878 orans,
455 811 627 878 oneravitque
639 810 749 864 aethera
761 811 837 864 votis.
914 856 935 881 κ

215 881 330 949 Jamque
341 881 428 932 omnis
439 879 544 956 eampis
555 880 688 932 exereitus
699 879 755 932 ibat
766 880 872 952 apertis,
904 882 934 950 ἵ
947 890 952 893 ’

109 954 113 973 “
139 958 142 963 “
180 947 264 1002 Dives
275 965 385 1017 equum,
396 948 473 1001 dives
483 948 566 1028 pictai
578 949 662 1001 vestie
672 956 701 1001 et
710 949 769 1001 auri
776 965 784 1017 ς

180 1017 529 1094 Messapusprimaeaoree,
591 1022 810 1071 tremaoodroeut
896 1064 898 1069 ⁴

181 1085 329 1156 Tyrrhidae
339 1103 468 1156 juvenem
485 1103 530 1140 me
552 1088 575 1138 io
587 1086 643 1139 dux
653 1087 763 1153 agmine
774 1087 882 1141 Turnue

181 1156 299 1209 Vertitur
308 1170 383 1209 arma
395 1165 497 1226 tenens,
510 1163 537 1208 et
550 1163 604 1209 toto
615 1156 715 1208 vertice
726 1172 807 1277 supra
817 1166 868 1210 est.

106 1282 111 1299 ι
181 1225 241 1278 Ceu·
248 1233 356 1295 septem
367 1242 479 1294 surgens
490 1225 591 1278 sedatis
602 1224 728 1278 amnibus
738 1241 755 1277 a
767 1234 811 1278 tue

107 1306 112 1319 ⁸
181 1294 234 1346 Per
245 1295 356 1347 tacitum
368 1295 485 1363 Ganges,
497 1301 545 1347 aut
556 1293 647 1363 pingui
659 1293 771 1346 flumine
783 1294 863 1348 Nilus

181 1363 250 1416 Cum
262 1364 350 1417 refluit
360 1365 466 1433 eampis
477 1372 504 1416 et
514 1362 571 1432 jam
582 1379 612 1415 se
623 1362 742 1417 uendidit
753 1362 840 1417 alveo.

180 1432 232 1484 Hie
243 1432 359 1487 subitam
371 1432 445 1500 nigro
456 1432 597 1501 glomerari
609 1432 720 1501 puluere
731 1433 832 1487 nubem

181 1501 349 1570 Prospioiunt
359 1501 465 1571 Teucri,
478 1518 512 1554 ao
523 1501 647 1555 tenebras
659 1501 795 1570 insurgere
806 1503 918 1575 eampis.

75 1604 77 1607 -
181 1569 286 1623 Primus
296 1570 332 1624 ab
343 1570 458 1624 aduerm
469 1570 619 1623 eenolamat
631 1570 702 1625 mole
713 1571 827 1625 Caious:

88 1666 92 1671 ·
130 1658 134 1667 ·
183 1638 265 1697 ‘Quis
274 1639 378 1709 globus,
391 1640 501 1710 omues,
514 1638 632 1709 ealigine
644 1639 758 1694 volvitur
767 1640 842 1696 atra!

180 1707 261 1761 Ferte
272 1708 318 1762 oiti
331 1708 438 1778 sermm,
450 1709 515 1762 date
525 1709 588 1777 tela,
600 1709 740 1762 aseendite
751 1726 849 1780 muros,

180 1776 271 1830 Hostis
280 1777 375 1844 adest3
393 1779 436 1830 eia
446 1778 466 1832 !²
489 1779 594 1846 Ingenti
604 1778 721 1830 elamore
733 1795 781 1847 per
792 1779 880 1832 omnis

179 1846 303 1900 Condunt
315 1864 344 1900 ss
355 1847 454 1900 Teueri
467 1855 562 1917 portae,
574 1857 602 1900 et
614 1847 721 1900 moenia
732 1848 877 1916 complent.

104 1972 110 1981 ,
182 1915 308 1986 Namque
320 1916 357 1969 ite
368 1916 511 1971 discedens
523 1924 694 1986 praeceperat
704 1917 822 1986 optimae
833 1915 917 1971 armis
994 1921 1030 1972 40

103 1994 107 2005 ¹
180 1985 305 2038 Aeneas:
323 1985 346 2038 si
357 2001 412 2054 qua
424 1987 526 2039 interea
537 1986 642 2039 fortuna
653 1985 755 2055 fuisset,

179 2053 241 2106 Neu
253 2064 355 2107 struere
366 2053 496 2108 auderent
507 2055 602 2124 aeism,
615 2070 669 2108 neu
681 2054 790 2108 eredere
802 2071 898 2129 eampo
905 2071 913 2126 ς
947 2098 950 2103 .

180 2122 274 2175 Castra
284 2123 366 2176 modo
376 2132 403 2176 et
415 2132 488 2177 tutoe
497 2132 634 2177 servarent
645 2138 744 2193 aggere
757 2142 855 2179 murus.

181 2189 258 2260 Ergo,
272 2193 322 2245 etsi
333 2193 455 2246 eonferre
465 2208 578 2246 ruanunr
589 2192 673 2262 pudor
686 2194 691 2203 ’
741 2210 775 2247 ue
787 2202 923 2264 monstrat,

181 2260 316 2330 Objioiunt
328 2270 417 2332 portas
428 2272 519 2316 tamen
531 2271 559 2314 et
570 2278 667 2331 praese
688 2272 714 2316 ts
726 2272 869 2334 aeessuut,
994 2265 1028 2317 4⁵

180 2330 337 2400 Armatique
348 2331 423 2384 oanis
433 2339 589 2400 exepeotant
601 2331 665 2384 turri
702 2331 842 2389 rhoetum.

180 2398 293 2469 Turnum,
306 2408 336 2452 ut
347 2408 411 2453 ante
420 2400 515 2453 volam
526 2400 632 2454 tardum
646 2409 828 2470 praeeesserat
839 2416 947 2472 agmen,

180 2467 282 2535 Viginti
293 2470 369 2522 leeris
380 2469 504 2538 equitum
515 2470 659 2523 semitatus
670 2477 698 2522 et
709 2469 769 2522 urbi
943 2470 945 2473 ’

180 2536 345 2606 Improvisus
354 2539 432 2591 adest
440 2555 448 2608 3
466 2538 583 2592 marolis
592 2552 675 2608 quem
687 2538 817 2592 Thracius
827 2537 898 2593 albis

180 2605 271 2659 Portet
282 2622 376 2676 equus,
385 2607 522 2677 arieteque
534 2608 599 2676 tegit
610 2607 689 2675 galea
700 2622 783 2663 aurea
796 2608 881 2662 rubra.
994 2611 1029 2661 ot*

94 2711 98 2717 -
181 2672 300 2745 ‘quuis
308 2677 378 2741 erit,²
385 2693 504 2747 mecum,
515 2676 637 2746 juvenes,
650 2677 712 2747 ‘qui
724 2678 827 2757 primus
835 2678 864 2732 in
875 2676 1029 2732 hostem-t

180 2743 241 2811 En,²
255 2745 302 2798 ait.
338 2747 372 2799 Et
383 2745 504 2815 jaculum
515 2754 671 2816 attorquens
681 2748 779 2800 emittit
790 2748 818 2800 in
829 2763 917 2817 auras,

100 2822 105 2827 ’
180 2812 344 2883 Principium
355 2826 468 2886 pugnae,
481 2824 509 2868 et
520 2831 616 2885 eampo
628 2832 689 2868 sese
700 2816 800 2869 arduus
811 2816 898 2870 infert.

180 2881 302 2936 Clamore
314 2885 451 2955 excipiunt
463 2885 536 2954 socii,
549 2885 711 2954 fremituque
722 2894 869 2954 sequuntur

138 3003 177 3049 25.
188 3000 281 3052 Paros.
312 3003 359 3051 See
374 3015 399 3052 et
415 3004 590 3054 tinem-27.
607 3005 746 3074 Messium.
778 3005 826 3053 See
841 3005 882 3053 vii.
893 3008 1029 3055 eeu-28.

111 3055 253 3129 Midae.
278 3061 378 3111 Sesvii.
389 3063 604 3132 resanatuhis
620 3064 669 3112 line
684 3079 705 3111 rs
722 3063 961 3170 'ustlp'regardedas
971 3064 1030 3113 hers

2 3234 5 3241 ,
99 3120 1030 3251 ,renentmuraenae-rumrenuunt

110 3233 136 3285 N
138 3236 179 3293 rie,
192 3237 268 3287 when
278 3248 320 3310 aot
330 3239 489 3300 orerflowrng
500 3240 563 3287 then
573 3240 660 3310 bauks.
667 3243 742 3287 -32,
757 3240 840 3308 Alam,
851 3255 869 3287 a
878 3239 929 3288 dtas
947 3239 1028 3291 llable.

107 3298 184 3363 7⁸⁷·
195 3297 332 3365 amedee
358 3299 433 3348 Some
441 3299 498 3348 read
509 3301 623 3356 amedee,
631 3297 735 3348 theooi
740 3298 875 3360 ruazuemg·
960 3298 1028 3360 long.

108 3355 372 3467 uusmdhbpsotese'.
441 3386 445 3393 ·
574 3388 578 3396 ·
633 3390 678 3398 -·
727 3394 736 3411 ·.
809 3406 813 3411 .
918 3405 922 3413 ,
1004 3392 1011 3403 ·
