2282 3790
482 198 649 244 Ultimo!-

175 334 257 389 Posse
268 333 340 386 riam
351 331 388 387 ed
400 326 490 386 muros
501 340 529 384 et
540 330 647 384 moenia
659 327 806 384 Pallantea.

174 403 317 472 Obstupuit
328 419 426 470 magno
438 401 548 454 leudam
562 416 706 469 percussus
716 416 810 453 amore

175 472 325 550 Euryalus,
344 471 423 524 simul
436 471 478 523 his
489 471 627 522 ardentem
640 469 738 522 affatur
749 470 888 524 amicumr

177 543 276 595 ‘Mene
289 540 366 608 igitur
378 540 480 608 ¹socium
494 539 609 593 summis
619 538 767 607 adjungere
779 538 867 608 rebus,

178 611 249 678 Nise,
263 609 354 677 fugiet
372 608 458 663 solum
473 618 498 660 te
511 610 536 660 in
550 616 625 660 tauta
635 607 755 676 pericula
767 608 894 662 mittam‘l
974 611 1018 662 202

177 681 236 734 Non
249 679 287 732 ira
298 695 343 732 me
354 680 465 746 genitor,
480 676 560 730 bellis
571 685 695 728 assumus
706 675 843 746 Opheltes,
887 712 892 720 .
949 682 952 689 “
973 716 976 723 .

175 748 329 817 Argolicum
343 757 468 800 terrorem
481 747 550 799 inter
561 745 712 815 Trojaeque
724 745 830 798 labores

176 816 316 871 subletum
327 815 441 883 erudiit3
459 832 511 868 neo
523 825 613 868 tecum
625 815 689 868 talia
701 815 781 883 gessi,

175 886 380 954 Magnanimum
393 888 505 938 Aenean
518 893 545 937 et
557 883 745 938 fmaextreme
755 891 881 938 secutust
1117 944 1118 947 Ἴ

176 956 227 1009 Est
236 955 289 1022 ltio,
302 963 343 1007 est
354 953 463 1009 animus
474 953 542 1007 lucis
552 964 724 1023 contemptor,
736 960 765 1004 et
776 953 859 1006 istum
974 958 1021 1008 205

175 1023 227 1082 Qui
239 1023 294 1075 vita
305 1023 375 1076 bene
387 1023 478 1076 credat
491 1024 553 1090 emi,
566 1036 619 1091 quo
631 1024 719 1076 tendis
730 1022 877 1075 honorem)

176 1093 259 1146 Nisus
269 1091 304 1145 ad
315 1092 399 1145 haec:
420 1092 568 1162 ‘Equidem
580 1093 615 1144 de
627 1100 655 1145 to
666 1092 703 1144 nil
714 1091 771 1143 tale
781 1091 904 1161 verebar,

175 1162 235 1217 Nec
248 1160 289 1214 sas
296 1177 304 1230 ;
322 1179 391 1215 non:
410 1162 448 1215 ita
460 1178 505 1213 me
517 1161 615 1214 reserat
627 1161 673 1214 tibi
686 1176 800 1228 magnus
811 1170 938 1215 orantem

176 1232 286 1300 Jupiter,
298 1240 345 1284 aut
357 1231 521 1299 quicumque
533 1229 619 1283 oculis
630 1230 698 1283 haec
709 1230 805 1298 aspicit
815 1230 921 1298 aequis.
987 1269 989 1273 -
1117 1226 1118 1295 l

177 1300 230 1353 Sed
242 1300 264 1353 si
275 1300 439 1370 quis-quae
452 1298 537 1352 multa
549 1299 625 1355 rides
635 1299 792 1352 discrimine
804 1298 885 1351 tali-
973 1303 1023 1353 21⁰

177 1369 205 1422 st
215 1370 277 1439 quis
289 1370 315 1422 in
326 1369 471 1423 adversum
482 1369 565 1437 rapiar
578 1382 692 1422 casamo
702 1368 816 1437 deusve,

177 1438 218 1493 'l'e
230 1452 371 1507 superesse
383 1439 481 1508 velim3
500 1447 546 1490 tua
557 1438 613 1490 vita
623 1438 726 1505 dignior
737 1446 820 1491 actae

178 1507 224 1575 Sit,
237 1507 284 1577 qui
296 1524 341 1559 me
354 1517 458 1576 mptum
471 1523 561 1578 pugne
572 1508 693 1576 pretiove
705 1507 876 1575 redemptum

177 1575 292 1631 Mandat
304 1574 385 1636 lrurao
397 1577 482 1646 solita,
495 1584 542 1628 aut
553 1577 577 1628 si
588 1591 643 1644 qua
655 1576 682 1628 id
695 1575 800 1628 fortuna
811 1575 921 1644 vetabit,

178 1643 290 1698 Absenti
304 1644 373 1697 serat
385 1645 503 1714 inferias,
516 1644 678 1714 decoretque
691 1643 841 1713 sepulchro.
975 1649 1026 1700 215

176 1713 239 1767 Neu
250 1713 329 1766 matri
341 1714 456 1769 miserae
468 1714 533 1767 tanti
545 1714 598 1767 sim
610 1730 693 1767 carrea
704 1713 808 1784 doloris,

178 1782 254 1841 Quae
267 1792 294 1835 te
305 1782 368 1851 sole,
382 1798 456 1853 puer,
470 1783 562 1836 multis
573 1799 589 1835 e
601 1783 734 1836 matribus
744 1798 812 1835 ausa

177 1851 356 1922 Persequitur,
370 1854 460 1921 magni
473 1870 523 1906 nec
534 1852 640 1904 moenia
650 1861 728 1905 curat
738 1854 874 1906 Acestae)

178 1920 227 1973 Ille
239 1931 346 1974 autern:
366 1922 482 1975 ‘Causas
493 1921 675 1990 nequidquam
688 1922 774 1974 nectis
785 1922 879 1992 inanis,

178 1989 238 2044 Nec
249 2006 312 2043 mea
322 1989 379 2059 jam
392 1999 495 2043 mutata
505 1991 562 2043 loco
574 1991 710 2043 sententia
720 1991 800 2044 cedit.
978 1994 1031 2045 220
1117 2028 1118 2061 ,

178 2058 387 2127 Acceleremuq²
400 2061 447 2112 ait.
483 2059 584 2128 Vigiles
596 2059 677 2113 simul
689 2060 795 2113 excitat.
832 2058 874 2113 Illi
1117 2064 1118 2093 r

179 2127 329 2181 Succedunt
342 2139 500 2198 servantque
513 2130 587 2182 vices
593 2145 602 2197 3
620 2130 733 2181 statione
745 2129 838 2181 relicta

178 2196 240 2266 Ipse·
251 2212 345 2250 comes
355 2197 419 2250 Niso
431 2197 556 2266 graditur,
570 2214 717 2267 regemque
729 2199 876 2266 requirunt.

213 2266 308 2318 Cetera
319 2265 366 2336 p‘er
377 2275 461 2320 terres
472 2268 560 2319 omnis
571 2267 697 2320 animalia
707 2282 804 2319 somne

179 2333 406 2389 Laxabantcuras
417 2346 444 2388 et
455 2336 535 2388 corda
547 2332 628 2388 oblita
640 2335 776 2388 laborum:
979 2340 1032 2389 225

106 2402 111 2443 t
179 2404 309 2457 Ductores
320 2404 455 2459 Teucrum
466 2405 554 2475 primi,
567 2405 673 2457 delecta
683 2404 818 2475 juventus,

140 2506 146 2515 «
179 2472 326 2527 Consilium
339 2475 454 2527 summis
466 2475 539 2542 regni
552 2475 586 2527 de
599 2473 679 2527 rebus
691 2473 833 2541 habebunt,

179 2541 250 2601 Quid
262 2543 388 2610 facerent,
401 2544 496 2612 quisve
509 2546 619 2599 Aeneae
630 2542 686 2615 jam
698 2543 809 2596 nuntius
819 2550 901 2596 esset.

180 2611 255 2664 Stant
267 2612 353 2683 longis
364 2612 456 2665 adnixi
469 2612 552 2666 lrastis
563 2622 591 2665 et
602 2620 679 2665 scuta
691 2620 814 2665 tenentes

180 2681 331 2733 Castrorum
343 2690 371 2733 et
382 2682 472 2750 campi
486 2681 583 2734 medio.
619 2681 690 2734 Turn
701 2681 785 2746 Nisus
795 2688 823 2733 et
834 2696 890 2734 uua
983 2684 1036 2734 230

105 2748 112 2787 i
180 2748 315 2819 Euryalus
325 2751 466 2803 confestim
477 2751 580 2804 alacres
590 2749 727 2802 admittier
737 2758 812 2802 orant
819 2767 827 2818 3

175 2818 250 2872 ¹Rem
262 2834 397 2886 magnam,
411 2819 582 2888 pretiumque
591 2834 684 2872 morae
695 2818 761 2872 fore.
795 2818 904 2872 Primus
914 2818 994 2874 Iulus

180 2887 293 2957 Accepit
306 2888 430 2956 trepidos,
443 2905 477 2940 ac
491 2889 586 2941 Nisum
598 2887 690 2941 dicere
701 2887 790 2957 jussit.

179 2956 251 3009 Tum
262 2956 304 3009 sio
315 2957 490 3026 Hyrtacides:
511 2957 624 3011 ‘Audite
636 2973 653 3008 o
664 2957 801 3011 mentibus
809 2956 915 3027 aequis,

179 3025 334 3094 Aeneadae,
348 3042 418 3078 uere
426 3025 497 3078 llaec
508 3026 604 3078 nostris
616 3034 770 3095 spectentur
781 3025 913 3097 ohannis,
983 3026 1038 3076 235

104 3122 108 3129 -
180 3094 256 3153 Quae
268 3094 389 3147 serimus.
424 3095 514 3147 Rutuli
527 3111 619 3146 somno
631 3095 748 3164 vinoque
760 3094 838 3147 soluti

181 3163 356 3232 Conticuere;
374 3163 463 3216 locum
476 3163 578 3216 insidiis
590 3165 779 3233 conspeximus
790 3163 849 3234 ipsi,

142 3307 194 3350 roe.
210 3306 347 3356 Parianae.
379 3311 627 3361 Saevitiae-215.
646 3313 934 3363 Sesarvt.so⁵.-ara.
952 3311 1039 3361 Saea
1117 3312 1118 3369 l

68 3370 75 3377 ·
103 3358 384 3432 ‘'lugdun—2233&
401 3386 443 3426 em,
461 3371 607 3430 Ascanium,
624 3387 653 3421 as
668 3374 763 3436 regino,
780 3373 813 3427 vi.
828 3376 965 3423 28.-231.
981 3366 1039 3420 Μ·

113 3420 209 3460 mtter-
240 3418 366 3471 Seeerrv.
392 3429 429 3476 93.
