2308 3780
487 200 579 263 eruas
601 200 631 240 v.
967 184 1031 248 24⁹v

173 326 285 382 Infelix!
306 327 349 383 cui
362 335 389 381 te
401 327 481 381 exitio
493 328 608 382 Fortuna
620 329 757 383 reservati
974 336 1025 386 625

173 399 293 467 Septima
304 406 364 467 post
375 396 470 466 Trojae
482 399 618 452 excidium
632 399 688 468 jem
700 399 811 453 vertitur
822 408 919 471 aestas,

173 468 241 521 Cum
254 467 329 536 freta,
343 485 405 520 cum
419 476 502 520 terras
513 470 606 538 omnis,
621 477 658 521 tot
670 468 803 538 inhospita
815 486 879 521 saxa

173 536 320 605 Sideraque
332 554 460 589 emensae
472 537 589 607 ferimur,
603 538 667 590 dum
681 554 728 606 per
741 555 814 590 mare
826 555 955 607 magnum

174 605 280 659 Italiam
293 606 429 676 sequimur
441 605 598 676 fugientem,
612 616 639 659 et
653 606 783 659 volvimur
794 607 882 660 undis.

173 675 224 727 liic
238 674 333 744 Erycis
345 675 413 728 fines
425 675 539 743 fraterni,
553 687 634 746 atque
647 677 744 745 hospes
755 680 885 729 Acestes:
974 681 1025 732 530

174 745 240 804 Quis
253 743 375 812 prohibet
388 761 476 797 muros
486 745 576 816 jacere
588 755 616 797 et
628 745 692 797 dare
704 745 810 797 civibus
821 738 937 799 u'rbeml

174 815 197 865 O
208 813 293 882 patria
304 821 331 866 et
343 830 371 865 ra
391 815 409 865 ti
422 814 603 883 nequidquam
615 830 650 867 ex
662 815 737 866 hoste
750 815 873 884 Penates,

174 882 291 935 Nullane
303 881 358 951 jam
371 831 465 952 l'rojae
478 883 600 936 dicentur
612 883 737 936 moenia?
757 900 891 953 nusquam

174 952 321 1004 Hectoreos
331 952 426 1021 amnis,
439 954 576 1007 Xanthum
589 962 616 1005 et
629 953 771 1023 Simoenta,
785 954 904 1006 videbol

175 1020 247 1078 Quin
259 1021 330 1088 agite
343 1029 370 1072 et
382 1038 488 1074 meeum
502 1022 633 1074 infaustas
645 1023 748 1075 exurite
761 1022 867 1102 puppis.
973 1027 1024 1077 635

173 1089 247 1142 Nam
259 1089 326 1142 mihi
339 1086 503 1142 Cassandrae
516 1108 562 1161 per
576 1108 700 1145 somnum
714 1093 783 1145 vatis
796 1108 885 1161 rmago

174 1157 301 1211 Ardentis
313 1159 377 1210 clare
390 1159 448 1212 visa
460 1160 548 1212 iaces:
569 1161 585 1192 “
595 1161 644 1213 Hie
656 1162 776 1231 quaerite
788 1161 912 1231 Trojam3

175 1227 227 1280 llic
238 1227 335 1280 domus
346 1228 416 1297 est,’⁷
428 1228 521 1299 inquit,
536 1231 553 1262 “
561 1229 662 1299 vobisJ’
699 1231 760 1284 lam
773 1238 880 1299 tempus
891 1230 934 1300 agi
947 1247 998 1302 res,

152 1356 158 1363 ¹
173 1296 235 1349 Nee
247 1299 326 1350 tantis
338 1314 414 1350 mora
426 1298 558 1368 prodigiis.
596 1300 637 1352 En
649 1311 763 1368 quatuor
773 1315 835 1351 arae

173 1366 300 1435 Neptuno
308 1383 316 1436 5
334 1366 401 1418 deus
414 1368 471 1437 ipse
483 1368 558 1421 faces
569 1371 743 1438 animumque
756 1368 907 1420 ministrat.’
972 1373 1024 1423 540

174 1435 250 1488 Hace
262 1441 414 1488 memorans
425 1438 511 1506 prima
524 1438 658 1491 infensum
670 1439 698 1489 vi
709 1437 816 1506 corripit
828 1437 929 1509 ignem,

174 1504 338 1574 sublataque
350 1508 442 1574 procul
454 1505 547 1560 dextra
559 1508 672 1560 connixa
684 1514 813 1575 coruscat,
874 1536 877 1541 ·

175 1575 211 1627 Et
221 1574 295 1643 jacit.
331 1576 459 1627 Arreetae
472 1585 577 1630 mentes
589 1575 794 1645 stupefactaque
805 1575 887 1628 eorda

175 1642 299 1697 iliadum.
336 1644 386 1696 Hic
399 1662 452 1696 nna
465 1661 480 1696 5
493 1646 592 1714 multis,
605 1662 675 1715 quae
687 1646 808 1697 maxima
819 1653 891 1716 natu,

174 1713 269 1782 Pyrgo,
283 1720 320 1764 tot
332 1713 430 1766 Priami
444 1722 564 1768 natorum
577 1716 650 1782 regia
662 1715 766 1767 nutrix:
974 1717 1025 1768 545

177 1783 252 1835 ‘Non
265 1782 349 1834 Beroe
362 1783 446 1851 vobis,
461 1800 510 1837 non
524 1784 592 1843 haec
605 1785 742 1853 Rhoeteia,
757 1790 864 1853 matres,

175 1852 225 1905 Est
238 1850 346 1920 Dorycli
358 1851 474 1922 conjunx
482 1869 490 1921 ;
508 1853 591 1906 divini
605 1854 682 1922 signa
694 1853 798 1905 decoris

130 1954 134 1959 ·
174 1921 355 1989 Ardentisque
367 1931 458 1974 notate
469 1922 560 1975 oeulos
568 1938 575 1990 3
594 1924 639 1992 qui
652 1922 758 1991 spiritus
771 1921 815 1990 illi,

174 1989 226 2049 Qui
239 1989 337 2058 vultus,
350 1991 476 2061 vocisque
489 2009 576 2060 sonus,
591 1992 633 2043 vel
645 2008 753 2060 gressus
766 1987 857 2044 eunti!

175 2059 237 2128 Ipsa
249 2068 356 2127 egomet
369 2059 473 2113 dudum
484 2061 585 2113 Beroen
598 2061 717 2113 dioressa
729 2059 824 2129 reliqui
975 2063 1026 2113 650

174 2132 300 2197 Aegram,
315 2129 497 2198 indignantem
510 2129 556 2181 rati
570 2105 642 2209 quod
653 2129 709 2182 sola
721 2136 823 2181 careret

174 2197 298 2263 Munere,
312 2214 363 2250 nec
375 2198 484 2252 meritos
496 2198 632 2252 Anchisae
645 2198 753 2251 inferret
765 2198 898 2252 honores!

174 2267 248 2320 Haec
261 2266 351 2319 effata.

209 2338 245 2388 Ar
258 2346 357 2389 matres
368 2336 455 2405 primo
466 2337 598 2406 ancipites
609 2336 747 2405 oculisque
761 2336 885 2404 malignis

173 2405 327 2473 Ambiguae
339 2414 460 2474 spectare
474 2416 550 2474 rates,
565 2407 692 2459 miserum
705 2407 772 2458 inter
783 2421 904 2458 amorem
974 2407 1025 2458 555

173 2472 327 2526 Praesentis
339 2483 424 2526 terrae
437 2475 556 2544 latisque
565 2476 688 2528 vocantia
700 2491 797 2542 regna:

173 2542 242 2597 Cum
255 2543 307 2595 dea
319 2561 348 2596 se
362 2544 468 2612 paribus
479 2561 526 2613 per
537 2544 643 2597 coelum
655 2544 761 2596 sustulit
773 2544 824 2596 aiis

173 2612 368 2681 lugentemque
380 2613 444 2681 suga
457 2614 541 2666 secuit
555 2614 605 2667 sub
618 2613 735 2668 nubibus
746 2629 849 2666 areum.

87 2746 90 2749 ·
128 2729 184 2776 626.
202 2725 229 2775 tf
240 2726 320 2788 Virgil
336 2728 357 2776 is
373 2728 506 2777 consistent
518 2728 578 2776 with
594 2727 700 2784 himself,
714 2727 763 2775 this
779 2727 861 2775 leaves
877 2729 920 2775 but
932 2742 946 2774 a
956 2726 1025 2776 short

96 2786 160 2837 time
171 2785 209 2833 sor
219 2786 262 2834 the
273 2798 328 2846 stay
340 2796 364 2834 at
377 2787 507 2848 Carthage.
540 2788 587 2835 See
599 2789 614 2835 i.
626 2791 680 2842 755,
693 2787 741 2835 and
751 2801 863 2846 compare
872 2794 953 2848 portat
965 2785 1025 2836 with

95 2848 314 2894 certene-629.
332 2845 483 2908 Fugientem,
509 2851 581 2894 ‘ever
599 2847 715 2906 escaping
732 2861 777 2893 out
797 2846 887 2905 grasp'
926 2845 974 2892 See
990 2845 1024 2895 iii.

95 2904 154 2960 496,
172 2903 205 2951 vi.
222 2905 361 2952 cL-sso.
380 2905 426 2953 See
448 2908 585 2952 24.-635.
603 2905 717 2952 Esurite:
748 2905 859 2952 Observa
881 2903 922 2950 the
944 2903 1024 2951 inten-

95 2963 152 3011 sive
168 2977 253 3022 power
268 2963 297 3011 of
309 2967 440 3012 ee—636.
461 2965 619 3012 Cassandrae.
652 2964 699 3011 See
715 2973 739 3012 at
755 2964 778 3010 ii.
790 2965 939 3029 ato-639,
960 2961 1024 3010 Teo·

95 3023 130 3073 tis
159 3023 216 3070 rod*
232 3023 272 3076 iis,
286 3021 327 3069 the
339 3023 457 3071 visiones
467 3023 710 3070 Cassandra-645.
730 3021 783 3077 Tot,
797 3021 846 3069 dcc.
874 3020 922 3068 See
933 3019 957 3067 ti.
970 3024 1023 3068 501.

93 3040 188 3129 -6156,
233 3082 290 3128 obis.
323 3081 371 3128 See
382 3091 406 3129 at
418 3080 470 3130 Ecl.
482 3082 531 3129 viii.
544 3084 566 3129 6.
598 3081 721 3136 Rhoeteia,
734 3078 955 3139 iromtheTrojan
963 3093 1024 3184 ¹pro·

94 3134 213 3199 montorii
226 3139 374 3189 Rhoeteum.
407 3139 613 3188 Sesea-649.
633 3138 744 3188 Graccus.
772 3137 874 3186 Forthe
982 3136 1025 3184 the

94 3197 196 3267 deities,
210 3213 252 3246 see
264 3207 291 3267 ot
301 3198 315 3245 i.
328 3202 478 3246 ‹tos-654.
496 3198 539 3247 Ali
556 3198 607 3246 thet
624 3197 666 3245 the
682 3197 775 3266 Trojan
789 3197 873 3244 dames
884 3147 961 3244 &intitul
971 3194 1024 3242 first

95 3272 149 3305 was
158 3256 221 3304 with
232 3256 369 3317 malignant
382 3257 481 3318 glauces
492 3267 518 3304 to
528 3273 588 3318 gaze
596 3272 628 3304 on
636 3256 678 3303 the
689 3256 767 3315 ships,
777 3257 882 3303 because
894 3253 952 3312 they
960 3266 1025 3300 were

95 3314 154 3365 held
166 3315 192 3364 in
202 3330 324 3375 suspense
340 3318 453 3365 between
469 3316 532 3365 their
543 3316 622 3364 desire
633 3315 669 3362 sor
680 3329 710 3361 en
721 3314 860 3362 immediate
872 3311 1022 3366 settlemem,

95 3374 144 3423 end
156 3372 221 3422 their
231 3373 379 3436 knowledge
391 3375 452 3432 that,
465 3377 499 3435 by
510 3376 552 3423 the
563 3374 649 3424 decrce
660 3372 689 3420 cs
701 3372 742 3421 the
757 3371 841 3427 Feres,
854 3370 925 3419 other
934 3369 1024 3417 resisus

94 3432 245 3508 summoned
259 3434 323 3484 their
332 3449 388 3484 rece
398 3444 424 3484 to
435 3434 535 3495 empiro.
