2242 3826
492 104 586 148 amun
605 106 649 149 xi.
961 86 1029 146 ’Μ
1112 140 1113 161 2

177 235 297 294 Aurunci
308 235 454 305 Rutulique
466 244 566 306 serunt,
579 245 607 289 et
620 252 728 290 vomere
740 234 820 290 duros

179 307 312 361 Exercent
324 306 407 374 collis,
420 314 501 374 atque
514 305 608 358 horum
619 307 767 375 asperrima
778 309 901 375 pascunt.

178 375 253 429 Haec
264 376 352 428 omnis
365 376 435 443 regio
448 386 475 426 et
488 374 552 426 celsi
566 376 645 444 plaga
656 375 736 443 pinea
749 374 846 428 montis
976 373 1028 425 ow

177 444 261 497 Cedat
273 445 407 496 amicitiae
420 445 596 512 Teucrorum3
614 453 641 497 et
653 444 769 497 foederis
779 458 881 512 aequas

179 513 307 566 Dicamus
318 513 401 581 leges,
415 514 553 582 sociosque
566 513 593 567 in
606 530 687 581 regna
698 528 844 580 vocemus5
936 522 940 539 '

179 583 322 636 Considunt
344 584 365 634 si
379 591 467 634 tantus
478 599 560 651 amor,
574 592 600 634 et
613 583 720 635 moenia
731 583 856 635 condant.

179 652 223 704 Sin
236 652 302 704 alios
315 621 374 704 linis
386 652 521 719 aliamque
534 668 675 720 capessere
687 663 797 720 gentem

164 742 167 745 ·
180 721 228 775 Est
239 722 353 788 enimus,
367 730 530 790 possuntque
542 721 597 773 solo
610 720 742 774 decedere
755 730 857 774 nostro:
976 719 1028 770 325

178 789 224 843 Bis
235 789 320 843 denas
332 791 397 842 italo
411 800 534 842 texamus
546 790 636 843 robore
649 791 731 859 navis,

178 858 230 913 Sco
243 859 326 929 pluris
337 858 473 930 complere
485 859 590 928 valent,
607 859 678 928 jacet
691 861 778 913 omnis
788 859 823 912 ad
834 857 935 911 undam

177 928 308 981 Materies
314 944 322 996 3
340 929 390 998 ipsi
402 945 598 998 numerumque
610 929 776 998 modumque
788 929 887 981 carinis

86 1037 91 1040 ·
177 997 346 1067 Praecipiant
354 1013 362 1067 3
381 1014 512 1066 nossem,
525 1015 629 1068 manus,
643 999 748 1051 navalia
759 998 866 1051 demus.

177 1067 327 1134 Praeterea,
341 1068 387 1137 qui
399 1067 472 1120 dicta
484 1066 571 1120 ierant
584 1077 611 1121 ct
624 1067 732 1120 foedera
743 1068 860 1137 firment,
976 1068 1027 1118 330

177 1136 291 1189 Centum
304 1150 420 1189 oratores
432 1136 518 1206 prima
529 1136 564 1189 de
576 1148 656 1205 gente
669 1137 779 1189 Latinos

177 1205 219 1258 lre
231 1205 327 1276 placet,
340 1207 468 1276 pacisque
479 1223 561 1259 marro
574 1206 750 1275 praetendere
764 1220 858 1274 ramos,

177 1274 293 1328 Munera
305 1276 433 1345 portantis
443 1277 554 1344 aurique
566 1276 706 1345 eborisque
719 1274 819 1327 talenta

177 1344 213 1397 Et
225 1345 322 1397 sellam
334 1345 408 1413 regni
420 1343 595 1412 trabeamque
608 1345 721 1413 insignia
734 1345 822 1397 nostri.

177 1413 312 1467 Consulite
324 1414 351 1466 in
364 1413 494 1476 medium,
508 1422 535 1465 et
548 1412 627 1467 rebus
639 1414 785 1467 succurrite
798 1413 895 1467 fessis!
976 1413 1027 1464 335

211 1483 284 1535 Tum
296 1484 420 1553 Drances,
435 1483 507 1535 idem
520 1482 647 1553 infensus,
661 1500 743 1552 quem
754 1483 837 1552 gloria
849 1481 932 1536 Turni

177 1551 290 1620 Obliqua
302 1552 401 1604 invidia
414 1552 581 1620 stimulisque
593 1554 710 1621 agitabat
723 1553 829 1622 amaris,

177 1621 281 1689 Largus
292 1639 383 1691 opum,
396 1629 423 1672 et
436 1621 526 1689 lingua
537 1621 714 1675 melior-sed
728 1622 823 1691 frigida
836 1621 908 1674 bello

178 1690 447 1744 Dexterassconsiliis
459 1692 566 1744 habitus
578 1708 628 1744 non
642 1690 726 1744 futilis
737 1700 834 1759 auctor,

177 1759 311 1812 Seditione
359 1770 433 1830 tens,
452 1778 538 1829 genus
551 1759 613 1812 huic
625 1770 746 1812 materna
758 1760 906 1830 superbum
976 1761 1028 1811 340

177 1829 310 1882 Nobilitas
340 1831 410 1898 ebat,
426 1832 554 1882 incertum
568 1829 602 1882 de
615 1839 688 1900 petre
700 1829 803 1883 serebat
811 1846 818 1896 3

177 1899 272 1968 Surgit,
285 1904 312 1950 et
326 1898 367 1950 his
378 1909 469 1952 onerat
481 1899 561 1951 dictis
572 1908 653 1968 atquc
664 1909 773 1967 aggerat
785 1901 851 1952 iras:

180 1968 264 2021 ‘Rem
277 1968 341 2020 nulli
353 1968 500 2037 obscuram,
514 1978 619 2021 nostrae
633 1984 683 2021 nec
697 1970 767 2022 vocis
783 1977 916 2038 egentem,

178 2037 306 2104 Consulis,
321 2053 335 2088 o
348 2039 417 2090 bone
432 2055 477 2091 rex
485 2055 492 2106 3
512 2039 601 2090 cuncti
615 2055 644 2089 se
657 2038 726 2090 scire
739 2038 862 2107 fatentur,

89 2108 92 2113 “
178 2106 248 2165 Quid
262 2106 365 2159 fortuna
377 2107 444 2159 ierat
458 2109 563 2176 populi,
582 2108 630 2160 sed
643 2108 732 2160 dicere
744 2117 874 2160 mussant.
975 2107 1027 2157 345

178 2176 230 2228 Det
243 2175 395 2229 libertatem
408 2176 488 2244 sandi,
502 2178 635 2246 flatusque
648 2177 774 2246 remittat,

178 2242 262 2313 Cujus
273 2245 306 2297 ob
317 2246 468 2314 auspicium
481 2246 625 2299 infaustum
640 2263 780 2315 moresque
793 2245 947 2298 sinistros-

94 2328 98 2333 ·
179 2314 273 2366 Dicam
287 2314 421 2382 equidem,
435 2316 498 2368 licet
511 2332 585 2367 arma
598 2317 664 2368 mihi
679 2325 845 2383 mortemque
859 2315 1010 2366 minetur-

178 2382 292 2435 Lumina
305 2392 341 2435 tot
354 2384 485 2436 cecidisse
498 2383 598 2436 ducum
611 2395 748 2452 totamque
760 2383 886 2435 videmus

177 2452 337 2505 Consedisse
350 2452 444 2506 urbem
458 2453 538 2522 luctu,
552 2457 617 2506 dum
630 2454 710 2506 Troia
723 2460 807 2505 tentat
976 2453 1027 2502 tto

177 2522 278 2590 Castra,
292 2521 371 2590 fugae
384 2521 477 2590 fidens,
491 2536 518 2575 et
529 2523 634 2575 coelum
649 2522 748 2575 territat
761 2522 851 2573 armis.

176 2590 268 2645 Unum
280 2593 362 2643 etiam
375 2590 452 2644 donis
465 2593 528 2660 istis,
542 2609 611 2662 quae
624 2591 738 2661 plurima
751 2592 819 2644 milti

177 2659 337 2712 Dardanidis
348 2661 456 2730 dicique
468 2660 552 2728 jubes,
565 2678 657 2730 unum,
670 2662 771 2730 optime
785 2676 885 2730 regum,

175 2729 312 2799 Adjicias3
332 2746 382 2781 nec
395 2740 421 2781 te
434 2730 514 2782 ullius
527 2731 652 2782 violentia
665 2731 760 2798 vincat,

175 2797 246 2858 Quin
259 2806 347 2850 natam
362 2800 468 2866 egregio
479 2817 577 2867 genero
589 2799 728 2868 dignisque
741 2798 901 2868 hymenaeis
976 2798 1027 2849 ³55

101 2932 109 2939 .
175 2868 238 2935 Des,
253 2877 335 2937 peter,
349 2877 375 2919 et
388 2886 482 2938 pacem
496 2869 564 2922 hanc
577 2876 685 2921 aeterno
697 2867 805 2920 foedere
817 2867 921 2935 jungas.

174 2936 252 2997 Quod
265 2938 287 2989 si
301 2946 390 2990 tantus
403 2936 483 2990 habet
497 2941 602 2991 mentes
614 2946 642 2989 et
654 2946 760 3006 pectora
773 2945 862 3004 terror,

128 3093 186 3141 318.
204 3090 335 3148 Aaron&
353 3105 375 3148 p.
394 3094 446 3146 180,
464 3090 512 3138 line
527 3095 550 3141 7.
582 3089 690 3146 Rotolr,·
708 3104 732 3147 p.
748 3092 802 3144 291,
821 3088 869 3136 linc
887 3090 1024 3137 ‹ta-uto.

95 3150 245 3213 Aspmtma
267 3149 422 3197 locu-325,
446 3149 563 3206 Possunt,
584 3150 662 3196 virtus
684 3148 740 3195 sinit
762 3155 812 3201 (see
834 3150 903 3205 307);
928 3162 957 3195 or
976 3146 1027 3196 istu

92 3210 195 3258 sinunt.
239 3207 331 3256 Others
352 3208 408 3255 read
427 3210 634 3270 poscunt-334.
665 3206 785 3262 Trabeam,
808 3207 849 3254 vii.
873 3209 1024 3255 len-3³6.

85 3268 211 3319 *Macer
223 3266 380 3326 isevidcntly
389 3267 431 3314 the
441 3267 570 3315 Thersites
580 3267 610 3314 os
616 3265 717 3320 Homer,
727 3265 821 3325 though
831 3280 897 3313 more
905 3263 1024 3324 polished.

90 3330 193 3378 -339,
210 3325 314 3375 Darem
325 3334 384 3374 erut.
393 3347 425 3358 -
433 3328 486 3374 341.
502 3324 621 3374 Incertum
631 3339 710 3385 genus
720 3323 742 3372 is
745 3325 984 3386 suebat-*teneba-
1001 3388 1004 3394 .

207 3389 240 3440 ³4
