2242 3826
468 127 561 179 bruun
579 129 634 169 ιιι.
951 113 1018 213 4Ιῆ

161 253 268 309 Diluvio
279 255 405 325 miscens,
415 254 578 324 coelumque
590 256 616 308 in
629 256 738 308 Tartara
750 254 852 326 soleat,
959 261 1010 311 200

160 323 196 378 Ut
208 333 343 393 sceptrum
356 322 545 377 hod-dextra
557 334 692 394 sceptrum
711 342 773 378 narn
787 323 853 377 sorte
864 325 1012 392 getebrrt—

163 395 334 462 ‘Numquam
347 393 438 445 fronde
452 392 505 446 levi
517 393 611 446 fundet
624 393 735 462 virgulta
749 411 798 447 nec
811 395 928 466 umbras,

160 462 228 515 (lum
241 462 327 515 semel
340 462 367 515 in
380 463 453 515 silvis
466 463 519 515 imo
532 463 566 515 de
579 464 658 533 stirpe
673 463 789 516 recisum

159 531 249 584 Matre
261 542 342 600 caret,
354 533 495 601 posuitque
507 549 599 584 comas
611 541 637 584 et
651 531 759 585 brachia
772 532 855 602 ferro,

159 601 229 655 Olim
241 600 335 669 arbos,
354 618 424 654 nunc
436 601 543 653 artificis
556 618 651 653 manus
663 618 726 654 aere
738 601 834 654 decoro
958 604 1010 656 210

159 669 278 739 Inclusit,
292 670 464 740 patribusque
477 671 551 722 dedit
563 680 668 738 gestare
681 670 799 723 Latinis!

159 738 271 793 Talibus
282 739 350 792 inter
362 756 391 791 se
403 739 545 792 firmabant
557 739 666 791 foedera
678 739 757 792 dictis

159 808 308 878 Conspectu
322 808 347 860 in
361 808 449 861 medic
461 826 609 878 procerum.
645 809 715 861 Turn
730 810 778 861 rite
790 817 908 863 sacratas
948 840 950 843 -

158 877 188 931 ln
202 878 340 931 flammam
352 875 472 946 jugulant
487 877 610 948 pecudes,
624 885 651 930 et
665 880 765 931 viscera
779 879 846 932 vivis

159 947 287 1017 Eripiunt,
301 947 492 1016 cumulantque
504 948 620 999 oneratis
631 947 752 1001 lancibus
764 964 831 1002 aras.
941 946 943 950 '
956 951 1008 1003 215

194 1018 229 1069 At
241 1032 304 1067 vero
316 1015 421 1068 Rutulis
432 1016 518 1086 impar
530 1033 563 1068 ea
574 1033 664 1086 pugna
676 1016 759 1069 videri

158 1083 331 1155 Jamdudum,
344 1096 371 1137 et
385 1086 456 1155 vario
468 1085 576 1138 misceri
589 1094 696 1155 pectora
707 1093 798 1155 motu,

158 1153 229 1207 Turn
242 1154 336 1222 magis,
351 1163 379 1207 ut
392 1155 498 1224 propius
511 1163 622 1208 cernunt
635 1172 685 1208 non
698 1155 800 1208 viribus
811 1154 913 1225 aequis.

158 1222 277 1292 Adjuvat
291 1223 396 1276 incessu
410 1225 489 1276 tacito
501 1241 654 1293 progressus
667 1234 694 1277 et
705 1241 782 1277 aram

158 1291 192 1344 Su
213 1292 316 1361 pliciter
328 1310 458 1345 venerans
469 1292 586 1346 demisso
599 1292 700 1346 lumine
712 1294 826 1362 Turnus,
955 1297 1007 1346 22⁰

157 1310 347 1430 Tabentesqne
358 1379 444 1430 genae
457 1371 484 1414 et
495 1361 612 1431 juvenali
625 1362 651 1415 in
665 1379 772 1432 corpore
785 1362 868 1432 pallor

156 1430 245 1489 Quem
258 1430 339 1483 simul
350 1448 382 1482 ac
394 1431 506 1483 Juturna
518 1448 589 1483 soror
601 1431 769 1484 crebrescere
782 1433 848 1486 vidit

157 1499 321 1568 Sermonem,
335 1508 361 1551 et
375 1500 445 1567 volgi
457 1501 560 1552 variare
573 1499 691 1552 labantia
703 1501 791 1571 corda,

157 1568 189 1622 ln
202 1569 305 1621 medias
316 1570 396 1637 acies,
407 1568 520 1622 sormam
533 1570 690 1622 assimulata
702 1571 855 1624 Camerti-

157 1638 207 1691 Cui
217 1655 303 1707 genus
315 1655 331 1689 a
343 1638 449 1707 proavis
461 1639 563 1707 ingens,
576 1639 732 1709 clarumque
745 1649 871 1710 paternae
955 1642 1006 1692 225

100 1710 104 1717 ’
157 1707 262 1762 Nomen
278 1716 333 1760 erat
347 1708 456 1777 virtutis,
470 1718 497 1759 et
510 1708 566 1777 ipse
579 1711 726 1761 acerrimus
737 1711 855 1763 armis-

157 1776 187 1830 In
203 1776 307 1829 medias
319 1777 364 1829 dat
377 1794 437 1829 sese
450 1778 531 1845 acies,
544 1777 616 1830 haud
630 1778 721 1830 nescia
734 1795 830 1848 rerum,
865 1786 868 1791 ’

122 1910 125 1915 ⁴
157 1846 341 1916 Rumoresqne
354 1847 416 1899 serit
430 1849 521 1916 varios,
535 1863 568 1898 ae
581 1847 643 1898 talia
655 1844 739 1899 satur:

160 1913 235 1968 ‘Non
247 1917 337 1985 pudet,
351 1932 367 1968 o
379 1915 478 1986 Rutuli,
491 1932 537 1985 pro
549 1917 653 1968 cunctis
665 1916 762 1969 talibus
775 1932 856 1970 unam

157 1982 297 2053 Objectare
309 1985 447 2039 animarat
467 2002 611 2038 numerone
625 2002 658 2038 an
672 1986 771 2039 viribus
783 1986 862 2055 aequi
955 1986 1006 2036 230

156 2053 217 2106 Non
231 2053 343 2107 sumus?
362 2053 412 2123 En,
424 2070 518 2107 omnes
530 2063 557 2105 et
569 2052 651 2108 Troes
663 2064 690 2107 et
702 2056 821 2108 Arcades
834 2055 861 2109 hi
873 2058 943 2126 sunt,

125 2128 129 2133 '
158 2121 311 2192 Fatalisque
324 2140 428 2192 manus,
443 2123 546 2176 infensa
559 2124 662 2177 Etruria
675 2124 773 2177 Turno.

158 2191 211 2244 Vix
223 2190 335 2261 hostem,
349 2192 443 2245 alterni
456 2193 478 2246 si
491 2193 701 2262 congrediamur,
715 2192 855 2247 habemus.

157 2259 207 2313 llle
219 2260 329 2329 quidem
342 2259 374 2314 ad
390 2278 506 2330 superos,
519 2279 630 2331 quornm
644 2280 674 2315 se
686 2264 800 2315 devovet
811 2264 871 2333 aris,

157 2329 289 2383 Succedet
303 2330 382 2399 sarna,
397 2332 527 2401 vivusque
540 2349 644 2401 perora
657 2331 772 2384 feretur·
955 2335 1006 2385 23³

157 2399 222 2468 Nos,
235 2399 318 2468 patria
330 2400 438 2470 amissa,
452 2399 567 2453 dominis
579 2418 671 2470 parere
684 2371 806 2470 superbis

157 2468 298 2539 cogemur,
310 2469 356 2550 qui
370 2486 440 2522 nnnc
452 2468 517 2523 lenti
529 2470 699 2523 consedimus
711 2469 801 2521 arvis’

192 2537 303 2592 Talibus
314 2556 423 2591 rrrcensa
435 2547 475 2590 est
486 2537 616 2618 juvenum
629 2540 761 2592 sententia
774 2536 853 2589 dictis

157 2605 218 2660 Jarn
231 2610 317 2676 magis
328 2617 409 2676 atque
422 2624 514 2689 magn,
528 2610 661 2677 serpitque
675 2622 721 2678 per
732 2607 839 2675 agmina
852 2622 987 2676 murmur3

156 2675 211 2745 Ipsi
223 2675 369 2730 Laurentes
381 2687 477 2731 mutatu
491 2678 594 2747 ipsique
605 2677 700 2730 Latini.
955 2680 1007 2730 240

157 2744 210 2804 Qui
223 2745 272 2798 eibi
285 2744 341 2815 jam
355 2746 473 2816 requiem
487 2764 592 2866 puquae
607 2747 738 2816 rebusque
751 2744 864 2797 salutem

157 2813 311 2885 Sperabaut,
325 2833 395 2867 nnnc
407 2832 480 2881 arma
494 2832 525 2866 vo
538 2825 591 2885 unt,
605 2814 754 2883 foedusque
765 2823 907 2883 precantur

157 2882 299 2951 iniectum,
313 2891 340 2936 et
352 2883 433 2937 Turni
447 2893 544 2937 sortem
558 2887 716 2937 miserantur
727 2883 855 2953 iniquum.

157 2951 208 3005 His
218 2952 292 3007 aliud
304 2952 392 3023 majus
403 2956 418 3008 J
421 2964 515 3007 uturna
526 2953 655 3025 adjungit,
671 2963 698 3005 et
709 2952 763 3004 alto

116 3066 170 3112 216.
193 3063 284 3113 Videri.
321 3064 453 3113 Historical
468 3065 594 3114 infinitivo.
633 3065 731 3124 Zumpt,
749 3063 763 3116 0
779 3066 929 3112 suu-224.
946 3064 1005 3113 For·

83 3140 149 3173 narrt
158 3125 319 3181 assimulato5
338 3125 379 3172 the
390 3125 528 3172 accusative
543 3126 572 3172 of
585 3123 721 3172 limitation.
756 3122 867 3178 Camerti,
880 3139 904 3171 rr.
916 3127 1003 3171 562-

84 3184 141 3231 232.
158 3182 253 3230 Fatalis
269 3198 351 3231 seems
366 3198 462 3231 usneer
477 3193 501 3231 at
516 3184 558 3231 tlre
571 3183 707 3236 Etruriam,
721 3181 777 3228 vrbo
792 3181 865 3230 dored
881 3193 923 3230 not
935 3198 1006 3231 move

84 3240 126 3291 till
141 3241 205 3289 their
215 3240 281 3290 fated
297 3241 379 3290 leuder
389 3240 479 3301 should
493 3257 523 3302 ap
555 3258 581 3290 ar
592 3242 650 3299 (viii.
661 3244 723 3295 498).
756 3240 854 3289 Etruria
864 3254 916 3289 wus
932 3240 1006 3293 noted

84 3298 124 3350 bt
139 3310 180 3409 qq
188 3300 303 3408 religioque
319 3301 386 3350 rites.
417 3299 511 3350 Mortuo
544 3300 613 3362 ythe
629 3301 794 3350 arsis-233.
810 3298 1008 3365 Alterai,erery

82 3374 146 3410 eece
190 3375 272 3409 meno
297 3375 334 3409 us.
