2282 3790
104 188 177 244 m·
490 200 652 245 rauarnos

178 325 344 385 Illeautem:
365 329 477 400 ‘Neque
489 336 517 383 te
529 327 632 385 Phoebi
642 326 745 385 cortina
753 326 862 398 fefellit,
885 368 889 375 .

173 400 237 455 Dux
247 399 422 468 Anchisiade,
435 416 486 455 nec
499 416 543 453 rns
556 397 625 451 deus
634 414 753 466 aequore
765 397 870 455 mersit.

173 470 300 538 Namque
311 468 506 538 gubernaclum
518 467 604 521 multa
617 469 642 520 vi
656 466 723 521 forte
737 466 883 537 revulsum,

173 540 223 592 Cui
235 538 315 591 datus
326 539 475 593 haerebam
487 547 578 591 custos
589 553 738 606 cursusque
751 535 889 609 regebam,
972 539 1023 597 βω

173 609 265 663 Prteei
285 607 356 662 itane
368 609 436 663 traxi
449 625 566 661 mecum.
602 606 693 660 Maria
704 623 801 675 aspera
812 605 871 676 juro

172 679 233 732 Non
245 625 332 732 ulum
343 695 390 748 pro
402 694 447 732 me
461 686 566 731 tantum
577 676 682 745 cepisse
695 676 827 744 timorem,

82 780 87 789 ·
172 747 260 806 Quam
273 756 321 801 tua
332 765 375 816 ne,
388 746 502 817 spoliata
513 745 603 814 armis,
616 763 730 801 excussa
742 745 877 817 magistro,

173 817 308 871 Deficeret
321 818 403 872 tantis
414 815 492 870 navis
503 815 675 884 surgentibus
687 815 775 869 undis.

172 887 233 939 Tris
244 887 331 939 Notus
341 886 469 939 hibernas
481 885 617 939 immensa
648 902 677 938 er
689 902 807 955 aequora
819 892 913 939 noctes
977 887 1027 938 ³56

171 955 250 1008 Venit
263 973 308 1008 me
320 956 552 1024 violentnsaqua5
570 956 616 1008 vix
627 902 730 1009 lumine
742 962 835 1025 quarto
1034 957 1043 971 ¹

171 1024 297 1093 Prospexi
310 1025 415 1078 ltaliam
427 1041 536 1081 summa
548 1023 674 1077 sublimis
684 1025 719 1079 ab
733 1022 815 1076 unda.

171 1093 305 1147 Paulatim
317 1094 454 1149 adnabam
467 1103 553 1148 terrae
560 1110 569 1162 5
585 1093 643 1163 jam
655 1102 713 1146 tnta
724 1092 861 1163 tenebam,

98 1222 100 1231 4
169 1163 205 1217 Ni
217 1180 285 1232 gens
296 1164 415 1218 crudelis
426 1163 536 1218 madida
548 1181 609 1216 cum
623 1172 699 1216 veste
710 1174 852 1232 gravatum

172 1231 401 1303 Prsnsantemque
414 1233 491 1288 uncis
502 1232 628 1289 manibus
640 1235 728 1303 nepita
739 1249 836 1302 aspera
846 1231 949 1289 montis
961 1287 965 1291 ,
976 1236 1029 1286 360

170 1300 251 1355 Ferro
263 1302 412 1374 invasisset,
445 1303 608 1373 raedamque
621 1303 713 1371 ignara
725 1309 855 1372 putasset.

169 1371 251 1425 Nunc
262 1389 309 1429 me
321 1321 522 1443 fluctuslrabeq
536 1382 697 1442 versantque
709 1371 824 1425 inlitora
837 1370 922 1426 venti.

170 1441 248 1500 Quod
261 1451 290 1495 te
300 1459 349 1512 per
360 1442 429 1495 coeli
439 1441 590 1512 jucundum
601 1440 695 1495 lumen
706 1449 734 1494 et
745 1458 832 1512 auras,

170 1510 223 1564 Per
234 1512 384 1579 genitorem
395 1529 448 1580 oro,
462 1529 509 1581 per
521 1528 584 1580 spes
596 1511 731 1581 surgentis
743 1510 803 1575 Iuli,

169 1580 253 1650 Eripe
264 1597 310 1634 me
322 1582 372 1651 bis,
386 1582 494 1651 invicte,
507 1581 594 1635 malis.
630 1584 686 1634 Aut
698 1588 726 1633 tu
741 1580 808 1634 mihi
821 1587 923 1634 terram
976 1583 1029 1633 365

168 1649 260 1718 injice,
273 1667 391 1720 namque
404 1660 487 1730 potes,
501 1660 646 1720 portusque
660 1650 765 1720 require
777 1648 890 1703 Velinos
897 1667 906 1721 5

168 1721 224 1772 Aut
236 1727 273 1789 tu,
287 1719 310 1772 si
323 1735 377 1789 qua
388 1737 433 1773 vra
445 1730 494 1788 est,
508 1720 531 1773 si
543 1737 625 1789 quam
638 1719 687 1773 tibi
699 1719 762 1773 diva
774 1720 892 1773 creatrix

169 1788 415 1859 Ostendit-neque
428 1791 510 1855 enirn,
524 1789 612 1858 credo,
626 1790 684 1843 sine
697 1789 809 1843 numine
821 1789 915 1843 divom

169 1855 296 1915 Flumina
308 1868 382 1915 tanta
394 1877 473 1928 paras
485 1859 662 1929 Stygiamque
675 1860 767 1911 innare
778 1858 947 1929 paludem-

168 1928 210 1980 Da
221 1928 344 1983 dextram
356 1929 462 1997 misero,
476 1939 503 1981 et
515 1939 607 1982 tecum
620 1945 664 1981 me
677 1927 740 1983 tolle
752 1945 800 1998 per
812 1927 908 2000 undas3
976 1933 1032 1982 370

169 1996 284 2051 Sedibus
296 2007 325 2051 ut
336 1997 432 2051 saltem
445 1997 559 2068 placidis
569 1998 597 2051 in
609 2006 694 2050 morte
707 1998 866 2067 quiescam!

168 2065 246 2118 Talia
257 2067 331 2120 fatus
342 2077 406 2136 erat,
420 2069 509 2137 coepit
519 2085 583 2121 oum
595 2066 658 2119 talia
670 2078 762 2131 vates:

168 2135 247 2189 Unde
261 2136 336 2205 haec,
349 2153 365 2188 o
379 2137 509 2205 Palinure,
522 2136 570 2190 tibi
583 2145 640 2191 tam
649 2137 709 2193 dira
721 2136 839 2206 cupidot

116 2224 120 2251 ι
171 2205 227 2257 ‘Tu
240 2204 286 2276 sry
307 2207 345 2259 ias
354 2206 509 2260 inhumatus
521 2224 606 2276 aquas
617 2223 781 2276 amnemque
793 2222 923 2261 severum

169 2224 351 2330 Eumenidum
364 2277 488 2345 aspicies,
502 2276 623 2345 ripamve
635 2275 753 2345 injussus
764 2274 873 2333 adibisl
976 2279 1032 2330 375

168 2344 269 2400 Desine
282 2344 430 2398 sotadeum
443 2346 516 2400 flecti
529 2362 637 2415 sperare
649 2344 791 2414 precando.

168 2413 220 2467 Sed
233 2431 301 2484 cape
312 2415 384 2468 dicta
396 2432 508 2486 memor,
520 2414 580 2468 duri
592 2413 687 2469 solatia
699 2432 787 2468 casus.
830 2418 834 2425 “

123 2487 130 2497 ’
167 2483 239 2536 Nam
253 2491 299 2537 tua
311 2485 425 2555 finitimi,
438 2484 517 2554 longe
529 2484 638 2555 lateque
649 2501 698 2565 per
710 2484 791 2538 urbes

168 2552 298 2622 Prodigiis
309 2554 362 2609 anti
373 2554 543 2624 coelestibus,
556 2571 618 2607 ossa
629 2554 749 2627 piabunt,

169 2622 204 2675 Et
216 2631 334 2677 statuent
346 2631 490 2691 tammum,
504 2633 532 2677 et
544 2624 647 2677 tumulo
659 2623 801 2677 sollemnia
812 2623 931 2696 mittent,
975 2630 1035 2680 380

167 2694 370 2763 Aeternumque
383 2692 458 2747 locus
470 2693 586 2747 Palinuri
599 2709 695 2746 nomen
709 2692 840 2747 habebit!

1009 2801 1034 2812 .-

127 2862 180 2909 347.
210 2860 319 2910 Certiae.
352 2860 399 2910 See
420 2871 445 2910 at
466 2861 645 2910 iiten-als.
671 2860 827 2910 Amhirinda.
859 2860 909 2910 See
931 2872 957 2911 at
973 2867 1034 2913 126.

102 2917 157 2975 Nec,
172 2919 221 2968 dac.
253 2921 383 2969 Pslinnms
394 2920 436 2969 did
446 2931 488 2968 not
504 2921 578 2969 know
590 2921 642 2969 that
658 2920 701 2968 the
716 2918 846 2980 deep-god
860 2917 912 2970 had
928 2923 1033 2973 throvvn

98 2977 148 3027 him
160 2979 211 3027 into
222 2978 263 3027 the
275 2982 423 3028 sea-350.
441 2980 497 3029 The
508 2979 608 3028 relative
620 2979 641 3028 is
650 2979 762 3028 involved
774 2979 798 3027 in
808 2996 897 3027 cursus
909 2985 1031 3044 regebam,

98 3037 180 3087 where
192 3054 230 3086 we
240 3038 328 3088 should
345 3039 407 3087 have
418 3055 473 3107 quo.
481 3043 570 3088 -351.
586 3038 745 3100 Maranjuro.
777 3037 824 3085 See
836 3047 861 3085 nt
872 3042 926 3088 324.
934 3044 1032 3091 —358.

101 3093 221 3146 Terrebant.
256 3097 283 3145 ‘I
299 3113 350 3146 was
366 3099 474 3159 gutring,
486 3098 534 3147 and
547 3097 628 3146 would
643 3097 706 3146 have
721 3096 818 3158 gained,
831 3096 880 3145 had
896 3100 961 3155 not,'
974 3100 1031 3149 dac.

98 3153 146 3200 See
157 3165 181 3202 at
192 3157 217 3204 ii.
228 3160 266 3204 55.
274 3160 365 3205 -361,
381 3156 482 3220 Ignara.
514 3157 564 3207 For
579 3157 610 3205 he
626 3155 674 3205 bad
684 3172 716 3205 no
728 3155 818 3204 wealth
829 3156 858 3203 ol
870 3157 954 3206 which
966 3159 1033 3220 they

97 3211 169 3260 eoald
185 3213 279 3281 despoil
298 3215 455 3264 hius-362.
481 3216 533 3271 Me,
552 3231 635 3264 meum
652 3217 844 3274 corpus-366.
866 3214 906 3264 He
922 3217 1034 3267 intreata

98 3267 198 3316 Aeneas
214 3271 293 3337 either
303 3282 329 3319 to
339 3273 384 3341 sall
396 3276 460 3322 back
470 3284 496 3323 to
511 3275 553 3323 the
564 3274 633 3342 place
645 3275 728 3323 where
744 3274 782 3322 his
798 3273 864 3334 body
875 3291 928 3324 was
945 3277 954 3324 l
973 3278 1031 3339 ing,

98 3336 156 3369 near
164 3325 236 3372 Velia
246 3343 272 3373 ιιι
279 3330 396 3386 Lucania,
404 3348 432 3379 or
440 3343 465 3381 to
477 3333 534 3381 take
545 3333 596 3381 lnm
607 3349 689 3381 across
698 3333 760 3381 with
770 3333 829 3381 him.
836 3336 927 3383 -381.
965 3345 1033 3384 eter-

97 3393 132 3424 na
168 3382 268 3445 aedon.
299 3386 347 3434 See
358 3398 382 3435 at
393 3393 446 3437 235.
477 3391 1037 3447 BntPalinnrusbesnotbeensolortunata

97 3449 125 3481 ⁸¹
166 3452 258 3494 1⁸⁰1¹1102
271 3440 312 3489 the
321 3445 423 3497 modern
432 3463 503 3503 name
515 3450 543 3500 ol
550 3450 592 3500 the
603 3466 662 3515 caps
674 3451 748 3514 being
759 3451 946 3513 Spartamento.
