2320 3744
492 152 679 195 eucnemon.

191 281 334 353 Hospitiisr
352 288 457 337 tantum
469 281 559 353 campi
570 280 650 351 jacet.
686 279 782 336 Omnia
794 298 890 337 secum

191 351 379 408 Annentarius
390 350 456 405 Aser
466 352 529 421 agit,
543 361 699 421 tectumque
712 351 864 421 Laremque

190 425 328 491 Antraque
351 421 587 492 Amyclaeumque
616 438 714 475 canem
743 421 922 492 Cressamque
951 420 1046 493 phare·

262 500 345 559 tram3
997 493 1048 545 att

190 561 251 616 Non
264 577 344 614 secus
355 577 388 614 ac
400 559 492 631 patriis
503 577 567 614 acer
577 560 715 613 Romanus
727 558 852 614 inarmis

191 629 293 700 injusto
305 629 356 684 sub
368 629 443 684 fasce
457 630 529 683 viam
541 647 605 683 cum
617 629 710 700 carpit,
723 637 751 682 et
763 629 834 683 hosti

148 740 157 752 .
191 703 264 757 Ante
276 708 462 770 exspectatum
510 700 569 753 sitis
580 708 633 752 stat
645 698 672 753 in
685 700 794 768 agmine
806 699 910 753 castris.

226 772 263 824 At
275 785 336 840 uon,
348 786 403 838 qua
414 770 477 839 Scyt
499 770 540 821 iae
551 777 648 838 gentes
659 769 832 838 Maeotiaque
844 769 925 840 unda,

191 838 328 893 Turbidus
339 849 367 891 et
379 847 506 908 torquens
517 838 642 892 flaventis
654 839 743 892 Hister
754 855 858 908 arenas,
997 840 1050 892 350

190 908 305 978 Quaque
318 908 387 961 redit
398 909 520 962 medium
532 907 661 977 Rhodope
673 917 794 977 porrecta
803 908 857 962 sub
869 924 960 962 axem.

192 978 252 1033 Illic
263 976 357 1030 clausa
368 984 460 1031 tenent
473 977 586 1031 stabulis
597 985 726 1046 armenta,
740 994 791 1030 nec
802 977 875 1030 uliae

193 1050 249 1102 Aut
261 1046 361 1100 herbae
373 1063 434 1100 cam
481 1056 619 1117 apparent,
632 1055 678 1100 aut
690 1047 784 1100 arbore
797 1047 920 1101 frondeat

193 1115 247 1171 &d
258 1115 330 1186 jacet
341 1118 433 1239 aqgeri
454 1134 486 1170 us
497 1117 585 1170 niveis
597 1116 717 1169 informis
729 1125 756 1170 et
768 1116 823 1169 alto

193 1186 277 1240 Terra
288 1185 351 1255 gelu
372 1194 597 1260 ate,septemque
609 1186 728 1253 adsurgit
741 1186 767 1238 in
782 1187 875 1254 ulnas,
998 1189 1051 1240 355

194 1256 309 1326 Semper
319 1254 417 1324 hiems,
431 1272 538 1326 semper
549 1256 682 1325 spirantes
693 1255 790 1324 frigora
801 1256 889 1309 Cauri.

194 1326 266 1380 Tum
278 1324 322 1379 Sol
333 1324 458 1395 pallentis
469 1323 541 1378 haud
554 1341 687 1395 umquam
698 1324 808 1379 discutit
819 1326 944 1379 umbras:

195 1395 256 1449 Nec
268 1411 332 1448 cum
344 1395 467 1448 invectus
478 1395 558 1464 equis
568 1394 655 1448 altum
667 1394 734 1464 petit
746 1394 864 1464 aethera,
877 1410 1005 1449 neceam
1145 1424 1149 1449 ι

195 1464 372 1533 Praecipitem
384 1463 485 1518 Oceani
498 1464 577 1518 rubro
589 1464 654 1518 lavit
665 1480 782 1533 aequore
794 1482 909 1517 curmm.

195 1534 376 1586 Concrescunt
389 1533 494 1586 subitae
507 1534 624 1587 currenti
637 1533 664 1586 in
677 1533 790 1586 flumine
803 1543 916 1604 crustae,
1001 1537 1055 1588 360

195 1602 274 1656 Unda
295 1618 329 1654 ue
339 1601 396 1671 jam
408 1611 483 1671 tergo
495 1602 607 1657 ferratos
619 1603 733 1656 sustinet
746 1602 825 1672 orbis,

195 1672 283 1741 Puppi
304 1687 336 1723 us
347 1671 393 1724 ilia
424 1672 487 1741 rius,
499 1671 599 1742 patulis
611 1689 683 1725 nunc
693 1671 800 1743 hospita
813 1672 954 1743 plaustris:

195 1742 323 1811 Aeraque
335 1689 471 1794 dissidunt
483 1740 570 1810 vulgo,
584 1751 728 1811 vestesque
741 1743 876 1810 rigescunt

195 1809 318 1880 indutae,
331 1810 501 1891 caeduntque
513 1811 654 1864 securibus
665 1810 777 1865 humida
790 1812 860 1883 vina,

196 1880 232 1934 Et
244 1889 315 1933 totae
328 1878 440 1934 'solidam
452 1897 480 1933 nr
491 1879 608 1949 glaciem
621 1888 725 1933 vertere
737 1881 867 1952 lacunae,
1001 1884 1056 1935 335

196 1949 327 2020 Stiriaque
340 1949 457 2019 impexis
469 1949 588 2004 induruit
600 1949 705 2003 horrida
718 1949 818 2004 barbis.

195 2019 303 2072 Interea
315 2027 369 2071 toto
381 2036 432 2072 non
446 2019 535 2073 secius
546 2025 609 2072 aere
622 2020 742 2088 ninguit;

196 2088 333 2141 intereunt
345 2087 472 2158 pecudes,
487 2097 556 2142 stant
569 2088 733 2142 circumfusa
744 2089 846 2160 pruinis

195 2158 310 2226 Corpora
321 2175 420 2226 magna
431 2158 521 2226 boum,
534 2157 707 2228 consertoque
719 2159 827 2227 agmine
839 2157 912 2212 cervi

196 2227 314 2296 Torpent
325 2227 397 2280 mole
408 2244 486 2298 nova,
500 2236 526 2280 et
539 2228 654 2282 summis
665 2228 710 2282 vix
722 2228 848 2282 cornibus
860 2234 974 2281 exstant.
1001 2230 1055 2281 370

196 2296 253 2350 Hos
265 2312 315 2349 non
329 2296 459 2350 immissis
471 2297 591 2366 canibus,
606 2314 657 2351 non
669 2298 792 2351 cassibus
805 2298 867 2352 ullis

196 2365 350 2419 Punicaeve
362 2367 463 2434 agitant
476 2367 589 2436 pavidos
600 2366 742 2420 formidine
754 2367 869 2437 pinnae,

197 2435 249 2490 Sed
262 2434 358 2489 frustra
370 2436 522 2558 oppositum
536 2436 673 2490 trudentes
684 2445 791 2506 pectore
804 2445 925 2490 montem

197 2505 383 2558 Comminuso
405 2514 528 2558 truncant
540 2505 617 2574 serre,
631 2506 801 2575 graviterque
815 2505 941 2559 rudentes

197 2574 317 2629 Caedunt
339 2583 366 2627 et
379 2590 476 2644 magno
489 2575 552 2628 laeti
564 2575 680 2628 clamore
694 2584 835 2644 reportant.
1001 2578 1058 2629 att

197 2644 252 2713 Ipsi
265 2643 292 2697 in
304 2613 421 2697 defossis
432 2645 569 2714 specubus
583 2660 678 2698 secura
690 2646 741 2698 sub
753 2645 808 2697 alta
898 2680 901 2685 ι

197 2713 258 2766 Otia
268 2721 352 2781 agunt
365 2722 442 2784 tarra,
455 2721 636 2782 congestaque
649 2714 742 2766 robora
754 2722 877 2784 totasque

198 2781 352 2835 Advolvere
364 2781 431 2836 focis
443 2782 538 2853 ulmos,
552 2783 659 2852 ignique
671 2783 781 2836 dedere.

197 2850 250 2913 Hic
261 2858 367 2904 noctem
380 2850 443 2905 ludo
455 2852 564 2920 ducunt,
578 2861 605 2904 et
617 2853 713 2923 pocula
725 2853 788 2906 laeti

198 2920 342 2974 Fermento
354 2928 436 2990 atque
448 2922 534 2975 acidis
546 2922 684 2975 imitantur
696 2922 767 2974 vitea
780 2921 873 2976 sorbis.
1004 2926 1062 2976 380

198 2990 274 3043 Talis
285 2991 310 3043 H
365 2989 457 3044 rborec
468 2991 577 3060 Septem
590 2990 712 3060 subjecta
724 2991 801 3044 trioni

198 3061 301 3114 Genea
325 3077 389 3113 rena
401 3060 486 3114 vimm
499 3060 619 3130 Rhipaeo
632 3060 750 3114 tunditur
762 3062 842 3123 Euro,

199 3128 235 3182 Et
247 3127 385 3197 pecudum
398 3129 478 3183 fulvis
490 3131 593 3183 velatur
604 3147 714 3200 corpora
725 3131 800 3183 setis.

234 3197 261 3250 Si
274 3198 321 3251 tibi
334 3197 457 3252 lanitium
469 3216 558 3270 curae,
571 3200 697 3270 primum,
710 3217 807 3270 aspera
818 3198 886 3252 silva

159 3322 274 3387 349-383.
285 3319 347 3388 ΙΤὶιο
359 3320 481 3428 sheqherd
492 3323 568 3371 tribes
579 3322 611 3390 cs¹
619 3323 673 3371 cold
691 3323 794 3384 Scythis
809 3321 945 3372 described.
954 3324 1050 3374 -384
1063 3364 1067 3369 .

105 3427 108 3432 ,
129 3377 338 3488 ἰθέὁιῦποοῑιοω
354 3388 380 3427 to
397 3390 406 3426 t
425 3395 468 3429 ose
479 3381 536 3429 who
553 3380 670 3430 cultivate
686 3383 763 3445 sheep
780 3381 817 3433 t‘or
832 3383 875 3432 the
893 3382 955 3432 sake
973 3391 1001 3432 ot
1017 3384 1066 3437 tlte
