2320 3744
485 181 670 227 GEORGIGON.

179 311 270 391 Atque
281 310 351 366 notis
362 310 470 381 longam
480 311 636 365 maculosus
646 309 793 380 grandibus
803 310 904 379 alvum,

179 380 242 451 Qut,
254 379 322 435 dum
333 398 429 435 amnes
440 380 488 435 ulli
501 391 660 451 rumpuntur
671 379 799 450 fontibus,
813 389 840 434 et
852 380 920 435 dum

114 502 124 509 ,
179 449 251 503 Vere
262 450 374 504 madent
385 451 439 504 udo
451 460 537 503 terrae
549 468 582 503 ac
594 449 757 520 pluvialibus
768 450 873 520 austris,

179 519 278 589 Stagna
289 520 359 590 colit,
373 520 489 590 ripisque
501 520 627 573 habitans
639 519 684 573 hic
696 519 817 589 piscibus
828 528 916 573 atram
981 523 1034 573 430

179 589 321 659 lmprobns
332 589 478 660 ingluviem
491 590 616 659 remisque
628 589 785 659 loquacibus
797 606 832 643 ex
850 588 888 643 let
895 604 904 658 ;

178 658 241 711 Post
261 675 326 713 uam
337 668 433 714 exusta
444 657 529 731 palus,
544 670 683 727 terraeque
694 659 787 713 ardore
799 607 950 730 dehiscunt,

179 675 275 782 Emillt
287 729 313 782 iu
326 729 438 800 siccum,
451 735 479 781 et
490 727 659 782 flammantia
670 727 773 782 lumina
784 736 911 797 torquens

178 797 269 852 Saevit
280 798 360 869 egris,
372 814 505 920 asperque
518 798 560 852 siti
574 810 655 867 atque
668 797 810 852 exter'ritus
820 807 908 851 aestu.

177 867 238 929 Nec
250 867 317 921 milri
330 877 389 921 tum
401 868 455 922 mol
467 868 490 920 is
501 867 552 921 sub
563 868 625 920 divo
637 885 746 938 carpere
759 883 874 938 somnos,
981 869 1034 923 tto

177 936 240 990 Neu
252 936 328 990 dorso
340 939 458 991 nemoris
469 936 552 991 libeat
563 937 680 1007 jacuisse
692 955 741 1007 per
751 936 856 1007 herbas,

178 1006 247 1060 Cum
259 1006 352 1077 positis
362 1024 448 1061 novus
459 1008 563 1061 exuviis
574 1007 727 1078 nitidusque
742 1006 850 1060 'uventa
950 1056 958 1075 ,

178 1075 306 1145 Volvitur,
319 1086 365 1130 aut
378 1077 482 1131 catulos
493 1077 573 1131 tectis
583 1087 631 1130 aut
642 1094 693 1130 ova
706 1025 867 1147 reiiuquens,

177 1144 285 1200 Arduus
296 1145 330 1199 ad
344 1147 436 1217 solem,
450 1156 477 1200 et
489 1145 586 1215 linguis
597 1147 677 1200 micat
690 1163 735 1199 cre
748 1145 873 1200 trisulcis.

212 1215 369 1270 Morborum
381 1233 488 1287 quoque
502 1225 528 1269 te
540 1233 637 1271 causas
649 1225 676 1269 et
688 1216 765 1283 signa
777 1215 888 1270 docebo.
979 1219 1034 1270 440

177 1283 275 1355 Turpis
285 1285 343 1338 oris
356 1295 439 1339 tentat
452 1284 566 1356 scabies,
580 1285 625 1339 ubi
639 1285 750 1354 frigidus
763 1285 851 1340 imber

176 1353 267 1408 Altius
278 1355 313 1409 ad
325 1355 419 1409 vivum
431 1355 550 1427 persedit
561 1364 589 1408 et
602 1356 707 1408 horrida
719 1372 786 1408 cano

177 1423 275 1477 Bruma
286 1423 357 1494 gelu,
371 1425 415 1479 vel
427 1443 489 1479 cum
503 1425 586 1478 tonsis
598 1425 688 1478 illotus
698 1424 822 1479 adhaesit

177 1492 268 1560 Sudor,
283 1503 309 1547 et
320 1492 415 1548 hirsuti
428 1504 571 1549 secuerunt
583 1512 692 1564 corpora
704 1512 809 1564 vepres.

177 1561 307 1616 Dulcibus
319 1563 417 1617 idcirco
430 1565 520 1619 fluviis
530 1582 615 1634 pecus
626 1581 706 1618 omne
718 1564 839 1632 magistri
981 1567 1034 1618 445

178 1631 353 1704 Perfundunt,
366 1633 482 1705 udisque
494 1634 564 1688 aries
576 1635 602 1686 in
613 1635 716 1703 gurgite
729 1634 800 1688 villis
824 1670 833 1685 .

176 1700 319 1773 Mersatur,
332 1703 485 1774 missusque
498 1703 615 1759 secundo
627 1704 721 1758 defluit
733 1704 822 1772 amni;

177 1773 233 1826 Aut
245 1780 353 1826 tonsum
365 1773 432 1827 tristi
444 1774 618 1843 continguunt
630 1791 674 1826 cor
693 1791 725 1828 us
737 1791 855 1846 amurca,

176 1840 211 1894 Et
223 1856 335 1911 spumas
346 1843 460 1897 miscent
472 1844 575 1913 argenti
588 1852 614 1899 et
627 1792 730 1897 sullina
741 1844 804 1896 viva
863 1851 866 1855 '

176 1902 326 1982 Idaeasque
338 1913 413 1982 pices
424 1921 452 1967 et
463 1912 571 1984 pinguis
583 1913 700 1982 unguine
713 1930 790 1967 ceras
981 1918 1034 1969 450

177 1980 340 2052 Scillamque
354 1981 557 2053 helleborosque
569 1983 659 2052 gravis
671 1984 831 2053 nigrumque
843 1982 978 2039 bitumen.

176 2050 237 2104 Non
251 2060 341 2106 tamen
354 2052 408 2105 ulla
420 2053 508 2123 magis
519 2061 647 2122 praesens
658 2052 763 2106 fortuna
776 2053 898 2111 laborum
910 2061 962 2126 est,

176 2118 265 2178 Quam
277 2121 372 2191 siquis
384 2122 453 2176 ferro
466 2123 550 2203 potuit
563 2121 715 2176 rescindere
728 2140 868 2177 summum

175 2187 282 2243 Ulceris
293 2206 338 2243 os:
356 2190 436 2245 alitur
448 2192 543 2246 vitium
555 2192 674 2261 vivitque
687 2191 811 2263 tegendo,

176 2257 249 2312 Dum
261 2259 383 2313 medicas
394 2260 524 2315 adhibere
535 2278 634 2314 manus
647 2261 682 2314 ad
695 2261 807 2315 vulnera
818 2270 909 2332 pastor
979 2266 1033 2318 455

174 2327 309 2399 Abnegat,
322 2338 369 2383 sut
381 2330 492 2384 meliora
504 2331 570 2384 deos
581 2330 658 2384 sedet
669 2330 760 2385 omina
772 2348 896 2402 poscens.

175 2397 350 2470 Quinetiam,
364 2399 421 2454 ima
432 2400 506 2453 dolor
517 2399 657 2454 balantum
670 2400 762 2470 lapsus
773 2401 807 2454 ad
820 2418 882 2456 ossa

175 2468 245 2522 Cum
257 2467 328 2541 furit,
340 2478 422 2540 atque
434 2478 508 2524 artus
519 2468 673 2541 depascitur
684 2470 758 2524 arida
770 2470 862 2543 febris,

175 2538 277 2593 Proluit
289 2538 413 2593 incensos
423 2549 515 2594 aestus
526 2548 656 2606 avertere,
670 2548 697 2592 et
710 2541 778 2593 inter

175 2608 234 2661 Imu
246 2608 325 2662 ferire
337 2608 416 2679 pedis
427 2609 570 2663 salientem
583 2609 713 2678 sanguine
726 2626 841 2680 venum5
977 2615 1033 2666 460

174 2677 290 2731 Bisaltae
303 2695 356 2748 quo
368 2696 443 2732 more
456 2679 542 2733 solent
554 2695 670 2759 acerque
683 2678 810 2748 Gelonus,

174 2746 243 2800 Cum
255 2746 323 2816 sugit
335 2750 362 2801 in
373 2748 520 2819 Rhodopen
531 2758 613 2819 atque
627 2767 653 2802 rn
665 2747 772 2803 deserta
784 2750 924 2821 Getarum,

175 2815 211 2869 Et
222 2815 265 2869 lac
277 2826 431 2871 concretum
443 2835 506 2872 eum
519 2819 649 2888 sauguine
661 2828 733 2888 potat
746 2819 854 2889 equino.

173 2885 263 2944 Quam
275 2886 367 2956 procul
378 2897 425 2959 aut
439 2887 513 2942 molli
525 2887 672 2942 succedere
686 2889 796 2958 saepius
808 2890 922 2944 umbrae

173 2953 287 3026 Videris,
300 2966 347 3011 aut
359 2974 481 3011 summas
492 2956 649 3028 carpentem
661 2959 785 3027 ignavius
798 2958 916 3030 herbas,
977 2964 1031 3016 tos

175 3025 386 3095 Extremumque
398 3027 484 3097 sequi,
497 3036 543 3080 aut
555 3028 646 3081 medio
678 3028 833 3081 rocumbere
845 3047 945 3103 campo

174 3091 343 3170 Pascentem,
357 3103 384 3147 et
398 3113 473 3149 serae
486 3097 572 3150 solam
583 3046 716 3151 decerlere
729 3098 817 3166 nocti3

174 3160 303 3237 Continuo
315 3162 423 3235 culpam
435 3163 504 3217 ferro
517 3181 668 3237 compesce,
681 3167 839 3237 priusquam

175 3228 240 3279 Dira
251 3243 299 3297 per
310 3229 448 3286 incautum
461 3243 569 3303 serpant
580 3237 704 3305 contagia
716 3236 822 3306 vulgus.

135 3361 250 3408 tto-463.
263 3360 328 3428 ,The
344 3378 430 3414 censes
446 3367 493 3415 end
508 3368 610 3417 eureos
626 3370 722 3421 diseese
738 3370 764 3420 in
779 3372 1023 3433 sheep-touta

106 3413 165 3471 'l'lre
174 3427 298 3481 necesstty
308 3421 336 3471 of
347 3433 501 3486 promptum·
511 3427 588 3489 urged
598 3428 660 3480 t‘rom
672 3430 714 3480 the
724 3430 817 3499 danger
827 3432 856 3483 of
867 3431 995 3487 iunctim.
