2320 3744
489 210 675 252 eucnemon.

184 336 343 409 Miscentur,
356 339 518 410 magnisque
529 349 626 393 vocant
637 339 799 395 clamoribus
810 339 926 397 hostem.

187 408 258 475 Ergo
270 407 318 462 ubi
331 426 377 462 ver
389 419 485 463 nactae
497 410 594 463 sudum
607 426 772 480 camposque
786 412 909 491 petentis,

186 476 338 548 Erumpunt
351 480 447 549 portis:
465 482 630 532 concurritur
638 498 645 547 ;
663 480 773 533 aethere
786 498 812 532 in
825 480 878 533 alto

186 545 230 600 Fit
242 548 361 616 sonitum
378 566 510 618 magnum
521 551 623 602 mixtae
634 550 817 619 glomerantur
829 551 855 602 in
868 551 972 624 orbern,

186 615 404 689 Praecipitesque
416 618 531 687 oaduut;
549 636 599 672 non
613 619 722 672 densior
732 625 795 673 aere
807 620 917 692 grando,
1008 626 1042 678 00

184 684 245 739 Nec
256 687 291 739 de
303 704 434 742 concussu
446 696 549 742 tanturn
561 689 630 758 pluit
642 690 703 742 ilice
715 689 831 758 glandis.

185 754 240 825 Ipsi
253 773 301 826 per
312 756 418 811 medias
428 759 503 811 ecies
515 758 665 826 insignibus
675 758 726 811 alis

184 825 303 893 Ingentis
314 827 420 880 arrimos
431 838 544 896 angusto
556 829 583 881 in
595 837 703 899 pectore
715 835 830 897 versant,

183 891 277 963 Usque
288 895 357 949 adeo
369 896 458 950 obnixi
472 914 522 950 uon
536 897 642 967 cedere,
655 896 721 951 dum
733 898 823 968 gravis
834 905 881 951 eut
893 897 944 954 bos

185 965 241 1017 Aut
254 963 303 1017 hos
316 981 393 1018 versa
405 965 470 1035 suga
483 967 567 1020 victor
577 968 643 1021 dare
655 975 730 1036 terga
742 968 895 1037 subegit-
1007 975 1043 1027 86

184 1031 219 1086 lli
231 1045 320 1087 motus
331 1036 483 1089 animorum
495 1045 576 1106 utque
590 1036 658 1090 baec
670 1038 818 1091 certamina
830 1045 906 1092 tantu

185 1101 408 1173 Pulverisexigui
420 1105 493 1175 jactu
507 1123 660 1176 compressa
671 1107 821 1175 quiescunt.

220 1172 320 1226 Verum
333 1174 377 1227 ubi
390 1175 514 1229 ductores
524 1177 584 1228 acie
597 1176 763 1230 revocaveris
774 1175 863 1248 ambo,

139 1306 145 1309 ἢ
184 1240 307 1294 Deterior
319 1245 364 1312 qui
377 1245 457 1314 visus,
470 1261 543 1315 eum,
555 1263 590 1300 ne
603 1246 730 1316 prodigus
741 1246 819 1315 obsit,

185 1310 261 1364 Dede
274 1315 350 1383 neci3
369 1313 464 1367 melior
475 1331 563 1368 vacua
579 1317 637 1369 sine
650 1323 743 1385 regnet
754 1316 781 1369 in
792 1315 864 1369 aula.
1007 1323 1042 1371 90

183 1380 260 1433 Alter
272 1383 321 1435 erit
334 1384 448 1437 maculis
459 1401 523 1437 auro
536 1385 721 1465 squalentibus
732 1385 845 1454 ardeus3

183 1448 255 1503 Narn
268 1450 321 1504 duo
334 1462 395 1505 sunt
407 1469 522 1523 genere3
542 1455 585 1508 bic
597 1455 699 1525 melior,
713 1455 824 1523 insignis
836 1462 863 1508 et
877 1470 933 1528 ore,

184 1518 218 1572 Et
232 1521 316 1574 rutilis
327 1522 415 1576 clarus
426 1525 561 1593 squamis3
581 1525 626 1577 ille
639 1524 761 1577 horridus
772 1524 841 1578 alter

108 1651 110 1656 Ι
183 1587 293 1642 Desidia
304 1590 441 1661 latamque
454 1592 563 1647 trahens
574 1593 703 1663 inglorius
714 1593 816 1648 alvum.

219 1657 254 1711 Ut
268 1658 346 1712 binae
360 1677 453 1729 regum
466 1662 557 1732 lacios,
570 1664 608 1716 ita
620 1680 730 1733 corpora
742 1663 837 1734 plebis.
1004 1669 1040 1721 90

182 1724 311 1797 Namque
322 1729 392 1782 aliae
404 1739 496 1800 turpes
507 1731 621 1801 horrent,
634 1750 685 1786 ceu
698 1733 856 1803 pulvereab
867 1733 923 1787 alto

183 1796 252 1850 Cum
266 1800 337 1851 venit
350 1809 377 1852 et
389 1800 459 1853 sicco
473 1811 569 1856 terram
581 1803 652 1872 spuit
664 1819 709 1856 ore
721 1803 806 1855 viator

183 1867 299 1938 Aridus3
318 1868 426 1922 elucent
438 1870 507 1923 aliae
518 1880 546 1924 et
558 1871 661 1940 fulgore
673 1881 821 1942 coruscant,
856 1894 870 1925 t

183 1936 318 1997 Ardentes
329 1956 394 1992 auro
406 1949 433 1992 et
445 1940 555 2010 paribus
565 1942 613 1994 lita
624 1958 733 2012 corpora
744 1943 836 2011 guttis.
1042 1986 1047 1993 .

183 2005 258 2058 llaec
270 2009 354 2077 potior
366 2009 475 2063 suboles
482 2027 490 2079 3
509 2010 573 2064 hinc
584 2011 785 2081 coelitempore
797 2019 870 2064 certo
992 2017 1041 2066 100

183 2073 281 2129 Dulcia
293 2078 374 2131 rnella
406 2095 501 2146 remes,
515 2097 566 2134 nec
578 2089 683 2134 tanturn
693 2081 791 2152 dulcia,
803 2089 937 2151 quantum

184 2143 218 2196 Et
231 2144 332 2214 liquida
344 2157 370 2200 et
382 2095 480 2203 (lurum
493 2149 591 2204 Bacchi
603 2151 736 2204 domitura
748 2167 879 2231 saporem.

216 2216 252 2266 At
264 2232 326 2269 curn
340 2216 441 2270 incerta
454 2218 543 2272 volant
554 2220 683 2289 caeloque
695 2236 822 2274 examina
834 2221 938 2292 ludunt,

184 2282 418 2356 Contemnuntqne
431 2288 506 2341 savos
517 2300 545 2343 et
557 2289 652 2357 frigida
665 2299 736 2342 tecta
749 2290 908 2362 relinquunt,

184 2351 320 2409 laetabilis
330 2356 435 2410 animos
447 2358 510 2411 ludo
522 2359 675 2428 prohibebis
687 2360 766 2411 inani.
991 2364 1039 2414 105

183 2422 244 2476 Nec
255 2442 370 2494 magnus
382 2427 521 2496 prohibere
533 2429 623 2482 labor:
643 2437 672 2482 tu
686 2428 793 2496 regibus
803 2427 861 2481 alas

185 2493 266 2563 Eripe
274 2511 282 2563 3
301 2512 352 2548 non
366 2496 420 2549 illis
430 2497 572 2566 quisquam
585 2498 774 2552 cunctantibus
785 2498 870 2552 altnrn

183 2562 226 2615 Ire
239 2565 289 2617 iter
299 2577 346 2618 aut
358 2567 452 2619 castris
462 2566 572 2620 audebit
587 2568 686 2620 vellere
697 2568 781 2635 signa.

183 2631 299 2687 Invitent
311 2635 412 2688 croceis
424 2636 546 2689 balantes
558 2638 667 2691 floribus
680 2636 754 2704 horti,

184 2702 218 2754 Et
231 2712 321 2756 custos
333 2702 422 2758 surum
435 2714 517 2775 atque
528 2706 622 2760 evium
634 2723 697 2759 curn
710 2706 780 2759 laloe
792 2705 896 2775 saligna
988 2711 1037 2761 110

183 2770 390 2841 Hellespontiaci
403 2783 491 2828 servet
505 2776 588 2828 tutela
601 2775 697 2845 Priapi.

183 2839 245 2908 lpse
257 2841 382 2911 thyrnurn
395 2845 526 2914 pinosque
539 2845 628 2899 serens
639 2844 674 2898 de
688 2845 822 2899 montibus
833 2845 897 2900 altis

183 2909 268 2964 Tecta
281 2923 351 2964 serat
365 2912 418 2966 late
429 2913 539 2983 circum,
552 2916 596 2967 cui
609 2915 674 2968 talia
685 2931 784 2983 ourae;

183 2978 195 3031 1
215 2981 266 3033 sel
284 2980 348 3035 bore
360 2999 471 3036 menum
484 2982 638 3053 duretent,
652 2985 710 3053 ipse
723 2983 820 3036 feracis

183 2996 262 3117 lpigat
294 3067 357 3104 nmo
370 3052 475 3131 plantas
487 3062 514 3105 ot
524 3054 629 3107 amicos
641 3054 730 3123 irriget
743 3053 844 3107 imbris.
955 3084 959 3089 ·
980 3059 1037 3109 ,115

218 3122 308 3187 Atque
320 3122 455 3190 equidem,
469 3131 589 3176 extremo
601 3123 627 3176 ni
639 3122 695 3192 jarn
708 3122 760 3176 snb
771 3124 825 3177 fine
837 3122 961 3178 laborum

182 3185 252 3240 Vela
265 3187 370 3242 trabam
382 3200 408 3243 et
421 3192 496 3244 terris
509 3192 635 3245 festinem
646 3192 787 3246 advertere
800 3209 926 3274 proram&

113 3273 204 3287 ——n

143 3323 242 3368 95-102.
259 3320 451 3381 Descriptiones
462 3323 504 3372 the
514 3326 570 3373 best
582 3324 641 3374 kind
651 3326 921 3376 ofueee-tou—ttu‘
937 3326 1003 3377 How
1014 3337 1038 3377 te

112 3376 256 3487 bllffiibbetrb'
264 3380 375 3499 {brbbbse
386 3381 459 3431 when
469 3382 495 3431 in
505 3399 536 3432 en
547 3385 671 3435 unsettled
680 3395 753 3437 stote.
761 3409 794 3421 -
803 3389 917 3437 tto-tet.
934 3387 962 3437 A
971 3385 1037 3439 brial
