2242 3826
483 153 577 197 arana
597 146 652 196 xr'r.
683 146 688 165 “
737 143 743 155 ’
966 138 1022 195 tet

959 249 963 259 ,
1105 232 1107 269 i

173 279 207 338 Et
219 282 295 336 iuriis
306 283 424 352 agitatus
435 301 510 337 amor
522 292 549 337 et
561 285 670 337 conscia
682 282 774 336 virtus.

171 351 206 406 Ut
219 354 336 422 primum
350 354 489 407 discussae
502 354 614 407 umbrae
627 362 655 405 et
666 352 714 406 lux
725 351 829 404 reddita
840 350 935 421 menti,

170 423 299 476 Ardentis
310 423 447 476 oculorum
460 424 531 476 orbis
542 424 576 476 ad
591 423 697 475 moenia
709 421 784 473 torsit
975 423 1026 474 070
1106 404 1107 475 l

170 491 314 561 Turbidus,
328 510 397 563 eque
411 493 473 545 rotis
485 511 613 562 magnam
626 491 743 561 respexit
755 491 789 542 ad
803 488 907 544 urbem.

171 561 243 615 Eece
255 571 357 631 autem,
371 562 490 615 flammis
502 564 569 616 inter
581 561 703 615 tabulata
714 560 821 613 volutus

171 631 214 684 Ad
228 632 335 684 coelum
349 632 466 685 undabat
479 644 570 686 vortex
584 631 730 701 turrimque
743 630 860 698 tenebat,

170 700 285 770 Turrim,
299 704 446 771 compactis
459 703 579 756 trabibus
591 719 672 772 quam
685 700 813 753 eduxerat
826 700 884 769 ipse

170 768 385 840 Subdideratque
399 783 469 825 rotas
480 774 621 842 pontisque
635 772 792 824 instraverat
803 768 880 822 altos.
970 770 1024 823 070

172 840 247 893 ‘Jam
261 840 317 910 jam
331 843 394 910 lata,
408 858 486 907 soror,
501 852 642 912 superant,
660 841 759 894 absiste
772 840 884 907 morari3

169 909 229 968 Quo
242 911 310 972 ileos
322 921 349 964 et
361 929 414 981 quo
426 912 493 964 dura
506 921 583 964 vocat
597 911 720 981 Fortuna,
734 927 888 980 sequamur.

170 979 226 1032 Stat
238 979 360 1033 conferre
372 999 484 1034 manum
497 984 616 1051 Aeneae,
630 989 690 1052 stat,
703 979 835 1051 quidquid
846 978 937 1033 acerbi
950 985 992 1032 est

169 1047 266 1116 Morte,
281 1050 350 1120 pati,
368 1068 457 1121 neque
469 1069 514 1105 me
526 1051 689 1120 indecorem,
701 1067 838 1119 germana,
853 1048 960 1103 videbis

169 1119 304 1189 Amplius.
341 1121 426 1190 Hunc,
440 1137 492 1192 oro,
506 1122 564 1174 sine
577 1137 622 1174 me
635 1120 723 1173 furere
735 1129 798 1172 ante
811 1119 947 1173 furorem.²
971 1122 1024 1173 000

170 1187 252 1258 Dixit,
266 1198 293 1243 et
306 1207 322 1242 e
334 1207 411 1244 curru
425 1191 523 1245 saltum
537 1190 610 1244 dedit
623 1190 698 1243 ocius
709 1190 789 1259 arvis,

170 1258 276 1329 Perque
290 1259 379 1331 hostis,
393 1277 442 1330 per
454 1261 507 1313 tela
520 1262 580 1328 ruit,
594 1268 781 1330 moestamque
794 1275 911 1315 sororem

112 1348 121 1363 ·
170 1327 282 1398 Deserit,
296 1347 329 1383 ac
342 1331 434 1400 rapido
446 1348 525 1384 cursu
538 1330 630 1383 media
641 1331 750 1398 agmina
763 1331 871 1399 rumpit.

170 1400 212 1450 Ac
225 1398 308 1452 veluti
320 1400 418 1453 montis
430 1417 525 1454 saxum
539 1400 573 1453 de
586 1401 687 1452 vertice
720 1416 796 1451 raece
817 1417 830 1451 s

169 1467 238 1521 Cum
252 1469 310 1539 ruit,
323 1470 445 1522 avolsum
459 1480 547 1538 vento,
561 1487 609 1522 seu
623 1418 748 1522 turbidus
761 1418 849 1522 imber
972 1471 1024 1522 086

169 1537 277 1608 Proluit,
291 1549 337 1592 aut
349 1540 427 1592 annis
439 1540 517 1593 solvit
531 1539 657 1609 sublapsa
670 1548 805 1608 vetustas,

170 1605 265 1660 Fertur
277 1609 303 1662 in
316 1609 459 1678 abruptum
472 1626 568 1678 magno
580 1627 659 1662 mons
672 1609 809 1679 improbus
820 1617 892 1680 actu,

170 1676 348 1748 Exsultatque
361 1679 423 1747 solo,
438 1681 526 1748 silvas,
540 1689 670 1747 armenta,
684 1681 808 1747 virosque

170 1746 314 1800 involvens
327 1766 436 1803 secum:
455 1750 569 1819 disjecta
582 1766 630 1817 per
641 1748 748 1816 agmina
760 1749 868 1802 Turnus

96 1854 100 1860 -
169 1815 299 1871 Sicurbis
312 1819 362 1872 ruit
374 1819 408 1872 ad
422 1837 520 1889 muros,
534 1819 580 1872 ubi
593 1817 709 1887 plurima
721 1817 779 1871 fuso
973 1820 1025 1871 090

168 1885 304 1954 Sanguine
317 1897 386 1941 terra
399 1891 498 1957 madet,
513 1888 679 1958 striduntque
693 1887 835 1941 hastilibus
845 1904 926 1941 aurae
934 1903 943 1957 ς

169 1956 360 2027 Significatque
373 1976 462 2026 manu,
477 1966 503 2011 et
516 1971 614 2027 magno
627 1958 706 2011 simul
719 1957 810 2028 incipit
823 1974 881 2010 ore:

170 2027 292 2080 ‘Parcite
303 2027 367 2098 jam,
381 2029 481 2097 Rutuli,
495 2042 522 2081 et
534 2045 582 2081 vos
596 2026 648 2080 tela
661 2028 789 2098 inhibete,
802 2029 890 2081 Latini
897 2044 906 2098 5

169 2095 363 2166 Quaecumque
376 2108 417 2150 est
430 2098 553 2167 Fortuna,
567 2115 629 2150 mea
642 2107 682 2151 est
690 2114 698 2166 3
716 2115 761 2151 me
773 2099 864 2152 verius
876 2112 961 2153 unum

169 2166 220 2218 Pro
234 2166 308 2219 vobis
320 2167 416 2220 foedus
428 2168 508 2236 luere,
523 2178 550 2221 et
562 2168 707 2221 decernere
720 2168 807 2220 terro)
972 2169 1024 2221 090

169 2235 326 2289 Discessere
338 2255 433 2291 omnes
444 2237 538 2305 medii,
552 2239 724 2307 spatiumque
738 2237 848 2292 dedere.

205 2307 241 2358 At
253 2314 330 2385 pater
341 2310 457 2376 Aeneas,
471 2308 562 2360 audito
574 2309 682 2366 nominc
694 2308 785 2376 Turni,

169 2374 276 2429 Deserit
289 2387 316 2428 et
327 2394 425 2446 muros,
439 2387 466 2430 et
479 2395 600 2430 summas
611 2375 710 2429 deserit
722 2393 806 2448 arces,

170 2444 384 2517 Praecipitatque
398 2465 486 2500 moras
498 2444 594 2516 omnis,
607 2461 688 2516 opera
700 2447 790 2499 omnia
803 2447 910 2516 rumpit,

170 2514 285 2567 Laetitia
297 2516 440 2587 exsultans,
454 2515 670 2585 horrendumque
683 2516 784 2568 intonat
796 2517 893 2570 armis:
973 2521 1025 2572 700

169 2583 293 2642 Quantus
304 2586 396 2655 Athos,
410 2596 456 2638 aut
468 2594 584 2656 quantus
597 2587 677 2655 Eryx,
691 2594 737 2638 aut
750 2585 816 2655 ipse,
830 2586 949 2641 coruscis

170 2654 238 2707 Cum
252 2653 342 2708 fremit
354 2655 469 2726 ilicibus,
483 2664 607 2726 quantus,
620 2654 773 2726 gaudetque
785 2655 868 2711 nivali

108 2778 113 2781 ,
169 2723 280 2777 Venice
292 2741 322 2778 se
335 2724 460 2791 attollens
472 2736 549 2795 pater
560 2726 719 2795 Apenninus
730 2725 765 2778 ad
778 2742 867 2781 auras.

170 2794 231 2848 Jam
245 2809 308 2846 vero
321 2803 347 2847 et
359 2794 450 2849 Rutuli
463 2794 587 2848 certatim
599 2804 627 2847 et
639 2795 723 2848 Troes
734 2804 761 2847 et
773 2810 869 2849 omnes

170 2863 332 2916 Convertere
344 2864 436 2917 oeulos
447 2865 515 2934 ltali,
528 2864 628 2934 quique
639 2864 695 2917 alte
706 2865 834 2918 tenebant
974 2868 1025 2920 tot

170 2932 290 3004 Moenia,
304 2934 404 3004 quique
416 2934 485 2988 imos
495 2934 637 3005 pulsabant
647 2935 732 2986 ariete
745 2951 843 3006 muros,

13 3086 17 3108 ²
129 3101 184 3149 ers.
206 3097 476 3160 remigare—oso.
492 3099 706 3160 farensem.
739 3099 1027 3161 sumpsisse-rar.

13 3160 17 3170 '
104 3158 203 3207 Verior.
240 3155 318 3206 Veros
329 3159 351 3206 is
361 3157 429 3206 osten
440 3158 499 3206 used
511 3157 536 3206 in
546 3157 588 3205 the
600 3173 672 3205 sense
683 3157 712 3206 ot‘
714 3158 876 3218 just-701,
894 3160 993 3210 Aeneas
1005 3163 1027 3210 ia

13 3214 15 3241 r
96 3215 232 3277 compared
244 3226 270 3265 to
280 3218 365 3273 Athos,
378 3217 420 3264 the
432 3216 557 3265 mountain
569 3216 649 3264 which
661 3216 737 3266 forms
748 3218 789 3265 the
801 3220 933 3280 extremity
944 3219 973 3267 of
983 3221 1026 3268 the

13 3282 15 3297 ¹
96 3286 259 3339 promontory
269 3276 298 3324 of
310 3277 375 3324 Acte
387 3276 412 3341 in
428 3275 588 3334 Macedonia;
606 3285 632 3324 to
642 3275 721 3338 Erpa,
734 3277 750 3325 i.
762 3281 821 3335 5703
839 3278 887 3329 aud
903 3288 929 3327 to
944 3277 1025 3342 Aperi·

13 3332 18 3363 ⁵
96 3338 186 3392 ainos,
199 3336 233 3385 xi.
245 3339 298 3386 700.
328 3332 532 3384 Poterindicares
541 3335 607 3383 their
618 3334 823 3395 personillcation.
856 3337 890 3388 So
900 3338 983 3397 Atlas,
993 3338 1026 3388 iv.

13 3392 18 3427 ⁹
93 3399 255 3449 eta-706.
272 3394 415 3446 Pronouuee
426 3403 516 3457 ἅψαι,
528 3394 597 3444 three
608 3394 735 3455 syllables.
988 3406 990 3411 ’
