<?xml version="1.0" encoding="UTF-8"?>
<!DOCTYPE html PUBLIC "-//W3C//DTD XHTML 1.0 Transitional//EN"
    "http://www.w3.org/TR/xhtml1/DTD/xhtml1-transitional.dtd">
<html xmlns="http://www.w3.org/1999/xhtml" xml:lang="en" lang="en">
 <head>
  <title>
</title>
<meta http-equiv="Content-Type" content="text/html;charset=utf-8" />
  <meta name='ocr-system' content='tesseract 3.04.00' />
  <meta name='ocr-capabilities' content='ocr_page ocr_carea ocr_par ocr_line ocrx_word'/>
</head>
<body>
  <div class='ocr_page' id='page_1' title='image "./carmina01virggoog_0433.png"; bbox 0 0 2242 3826; ppageno 0'>
   <div class='ocr_carea' id='block_1_1' title="bbox 498 252 663 294">
    <p class='ocr_par' dir='ltr' id='par_1_1' title="bbox 498 252 663 294">
     <span class='ocr_line' id='line_1_1' title="bbox 498 252 663 294; baseline -0.006 0"><span class='ocrx_word' id='word_1_1' title='bbox 498 252 663 294; x_wconf 63' lang='grc' dir='ltr'><strong>ΔΙΝΒΙΒΟΜ</strong></span> 
     </span>
    </p>
   </div>
   <div class='ocr_carea' id='block_1_2' title="bbox 180 378 1098 3216">
    <p class='ocr_par' dir='ltr' id='par_1_2' title="bbox 185 378 1024 592">
     <span class='ocr_line' id='line_1_2' title="bbox 185 378 840 452; baseline -0.003 -15"><span class='ocrx_word' id='word_1_2' title='bbox 185 382 252 437; x_wconf 76' lang='lat' dir='ltr'><strong>s&#39;olsi</strong></span> <span class='ocrx_word' id='word_1_3' title='bbox 264 380 309 436; x_wconf 79' lang='lat' dir='ltr'><strong>uvi</strong></span> <span class='ocrx_word' id='word_1_4' title='bbox 322 380 476 452; x_wconf 77' lang='lat' dir='ltr'><strong>specimen3</strong></span> <span class='ocrx_word' id='word_1_5' title='bbox 493 380 563 451; x_wconf 76' lang='lat' dir='ltr'><strong>bigis</strong></span> <span class='ocrx_word' id='word_1_6' title='bbox 574 381 594 434; x_wconf 92' lang='lat' dir='ltr'><strong>it</strong></span> <span class='ocrx_word' id='word_1_7' title='bbox 604 380 713 434; x_wconf 81' lang='lat' dir='ltr'><strong>Turnus</strong></span> <span class='ocrx_word' id='word_1_8' title='bbox 725 380 750 435; x_wconf 92' lang='lat' dir='ltr'><strong>iu</strong></span> <span class='ocrx_word' id='word_1_9' title='bbox 762 378 840 451; x_wconf 83' lang='lat' dir='ltr'><strong>albis,</strong></span> 
     </span>
     <span class='ocr_line' id='line_1_3' title="bbox 188 450 1024 507; baseline -0.002 0"><span class='ocrx_word' id='word_1_10' title='bbox 188 451 478 507; x_wconf 82' lang='lat' dir='ltr'><strong>Binemanulutocris</strong></span> <span class='ocrx_word' id='word_1_11' title='bbox 515 469 545 503; x_wconf 82' lang='lat' dir='ltr'><strong>nu</strong></span> <span class='ocrx_word' id='word_1_12' title='bbox 558 450 663 503; x_wconf 81' lang='lat' dir='ltr'><strong>hastilia</strong></span> <span class='ocrx_word' id='word_1_13' title='bbox 676 451 754 502; x_wconf 79' lang='lat' dir='ltr'><strong>ferro.</strong></span> <span class='ocrx_word' id='word_1_14' title='bbox 985 455 1024 505; x_wconf 83' lang='grc'><strong>155</strong></span> 
     </span>
     <span class='ocr_line' id='line_1_4' title="bbox 186 520 810 592; baseline -0.006 -18"><span class='ocrx_word' id='word_1_15' title='bbox 186 523 253 574; x_wconf 86' lang='lat' dir='ltr'><strong>lliuc</strong></span> <span class='ocrx_word' id='word_1_16' title='bbox 265 530 340 592; x_wconf 85' lang='lat' dir='ltr'><strong>pater</strong></span> <span class='ocrx_word' id='word_1_17' title='bbox 353 525 467 588; x_wconf 81' lang='lat' dir='ltr'><strong>Aeneas,</strong></span> <span class='ocrx_word' id='word_1_18' title='bbox 504 537 617 572; x_wconf 88' lang='lat' dir='ltr'><strong>omanae</strong></span> <span class='ocrx_word' id='word_1_19' title='bbox 629 520 719 588; x_wconf 75' lang='lat' dir='ltr'>stirpis</span> <span class='ocrx_word' id='word_1_20' title='bbox 731 520 810 587; x_wconf 87' lang='lat' dir='ltr'><strong>origo,</strong></span> 
     </span>
    </p>

    <p class='ocr_par' dir='ltr' id='par_1_3' title="bbox 185 589 833 659">
     <span class='ocr_line' id='line_1_5' title="bbox 185 589 833 659; baseline -0.005 -15"><span class='ocrx_word' id='word_1_21' title='bbox 185 590 292 644; x_wconf 78' lang='lat' dir='ltr'><strong>Sidereo</strong></span> <span class='ocrx_word' id='word_1_22' title='bbox 304 591 420 658; x_wconf 80' lang='lat' dir='ltr'><strong>flagrans</strong></span> <span class='ocrx_word' id='word_1_23' title='bbox 431 590 517 659; x_wconf 87' lang='lat' dir='ltr'><strong>clipeo</strong></span> <span class='ocrx_word' id='word_1_24' title='bbox 530 600 556 640; x_wconf 87' lang='lat' dir='ltr'><strong>et</strong></span> <span class='ocrx_word' id='word_1_25' title='bbox 570 589 732 641; x_wconf 85' lang='lat' dir='ltr'><strong>coelestibus</strong></span> <span class='ocrx_word' id='word_1_26' title='bbox 743 591 833 658; x_wconf 86' lang='lat' dir='ltr'><strong>armis,</strong></span> 
     </span>
    </p>

    <p class='ocr_par' dir='ltr' id='par_1_4' title="bbox 185 658 881 730">
     <span class='ocr_line' id='line_1_6' title="bbox 185 658 881 730; baseline -0.006 -15"><span class='ocrx_word' id='word_1_27' title='bbox 185 661 220 715; x_wconf 88' lang='lat' dir='ltr'><strong>Et</strong></span> <span class='ocrx_word' id='word_1_28' title='bbox 232 659 307 730; x_wconf 77' lang='lat' dir='ltr'><strong>juxta</strong></span> <span class='ocrx_word' id='word_1_29' title='bbox 319 660 459 728; x_wconf 85' lang='lat' dir='ltr'><strong>Ascanius,</strong></span> <span class='ocrx_word' id='word_1_30' title='bbox 474 676 587 726; x_wconf 80' lang='lat' dir='ltr'><strong>maguae</strong></span> <span class='ocrx_word' id='word_1_31' title='bbox 600 676 663 727; x_wconf 85' lang='lat' dir='ltr'><strong>spes</strong></span> <span class='ocrx_word' id='word_1_32' title='bbox 675 658 760 710; x_wconf 86' lang='lat' dir='ltr'><strong>ultera</strong></span> <span class='ocrx_word' id='word_1_33' title='bbox 771 659 881 728; x_wconf 80' lang='lat' dir='ltr'><strong>Rornae,</strong></span> 
     </span>
    </p>

    <p class='ocr_par' dir='ltr' id='par_1_5' title="bbox 188 728 849 807">
     <span class='ocr_line' id='line_1_7' title="bbox 188 728 849 807; baseline -0.008 -22"><span class='ocrx_word' id='word_1_34' title='bbox 188 729 337 785; x_wconf 86' lang='lat' dir='ltr'><strong>Procedunt</strong></span> <span class='ocrx_word' id='word_1_35' title='bbox 349 729 451 797; x_wconf 80' lang='lat' dir='ltr'><strong>castris,</strong></span> <span class='ocrx_word' id='word_1_36' title='bbox 466 745 583 807; x_wconf 86' lang='lat' dir='ltr'><strong>puraque</strong></span> <span class='ocrx_word' id='word_1_37' title='bbox 596 728 621 779; x_wconf 92' lang='lat' dir='ltr'><strong>in</strong></span> <span class='ocrx_word' id='word_1_38' title='bbox 636 735 710 779; x_wconf 86' lang='lat' dir='ltr'><strong>reste</strong></span> <span class='ocrx_word' id='word_1_39' title='bbox 723 728 849 780; x_wconf 77' lang='lat' dir='ltr'><strong>sacerdos</strong></span> 
     </span>
    </p>

    <p class='ocr_par' dir='ltr' id='par_1_6' title="bbox 185 795 1027 936">
     <span class='ocr_line' id='line_1_8' title="bbox 186 795 1027 866; baseline -0.002 -14"><span class='ocrx_word' id='word_1_40' title='bbox 186 798 321 866; x_wconf 82' lang='lat' dir='ltr'><strong>Setigerue</strong></span> <span class='ocrx_word' id='word_1_41' title='bbox 334 798 420 851; x_wconf 89' lang='lat' dir='ltr'><strong>letum</strong></span> <span class='ocrx_word' id='word_1_42' title='bbox 432 815 488 850; x_wconf 80' lang='lat' dir='ltr'><strong>suis</strong></span> <span class='ocrx_word' id='word_1_43' title='bbox 500 798 685 865; x_wconf 73' lang='lat' dir='ltr'><strong>intonsamque</strong></span> <span class='ocrx_word' id='word_1_44' title='bbox 700 795 839 850; x_wconf 80' lang='lat' dir='ltr'><strong>bidentem</strong></span> <span class='ocrx_word' id='word_1_45' title='bbox 984 800 1027 851; x_wconf 84' lang='lat' dir='ltr'><strong>tto</strong></span> 
     </span>
     <span class='ocr_line' id='line_1_9' title="bbox 185 865 834 936; baseline -0.005 -15"><span class='ocrx_word' id='word_1_46' title='bbox 185 867 291 936; x_wconf 76' lang='lat' dir='ltr'><strong>Attulit,</strong></span> <span class='ocrx_word' id='word_1_47' title='bbox 304 866 479 935; x_wconf 70' lang='lat' dir='ltr'><strong>admovitque</strong></span> <span class='ocrx_word' id='word_1_48' title='bbox 491 882 574 935; x_wconf 88' lang='lat' dir='ltr'><strong>pecus</strong></span> <span class='ocrx_word' id='word_1_49' title='bbox 587 865 760 934; x_wconf 77' lang='lat' dir='ltr'><strong>flagrantibus</strong></span> <span class='ocrx_word' id='word_1_50' title='bbox 772 866 834 918; x_wconf 85' lang='lat' dir='ltr'><strong>arie.</strong></span> 
     </span>
    </p>

    <p class='ocr_par' dir='ltr' id='par_1_7' title="bbox 187 934 785 1003">
     <span class='ocr_line' id='line_1_10' title="bbox 187 934 785 1003; baseline -0.003 -13"><span class='ocrx_word' id='word_1_51' title='bbox 187 936 225 990; x_wconf 94' lang='lat' dir='ltr'><strong>llli</strong></span> <span class='ocrx_word' id='word_1_52' title='bbox 238 936 271 988; x_wconf 83' lang='lat' dir='ltr'><strong>ud</strong></span> <span class='ocrx_word' id='word_1_53' title='bbox 285 944 440 1003; x_wconf 77' lang='lat' dir='ltr'><strong>surgentem</strong></span> <span class='ocrx_word' id='word_1_54' title='bbox 453 935 575 988; x_wconf 84' lang='lat' dir='ltr'><strong>conversi</strong></span> <span class='ocrx_word' id='word_1_55' title='bbox 586 934 689 988; x_wconf 82' lang='lat' dir='ltr'><strong>luminu</strong></span> <span class='ocrx_word' id='word_1_56' title='bbox 700 934 785 988; x_wconf 83' lang='lat' dir='ltr'><strong>solem</strong></span> 
     </span>
    </p>

    <p class='ocr_par' dir='ltr' id='par_1_8' title="bbox 187 1004 852 1074">
     <span class='ocr_line' id='line_1_11' title="bbox 187 1004 852 1074; baseline -0.005 -15"><span class='ocrx_word' id='word_1_57' title='bbox 187 1006 254 1059; x_wconf 77' lang='lat' dir='ltr'><strong>Dent</strong></span> <span class='ocrx_word' id='word_1_58' title='bbox 268 1004 357 1072; x_wconf 84' lang='lat' dir='ltr'><strong>fruges</strong></span> <span class='ocrx_word' id='word_1_59' title='bbox 368 1005 493 1058; x_wconf 84' lang='lat' dir='ltr'><strong>manibus</strong></span> <span class='ocrx_word' id='word_1_60' title='bbox 505 1004 597 1074; x_wconf 84' lang='lat' dir='ltr'><strong>salsas,</strong></span> <span class='ocrx_word' id='word_1_61' title='bbox 610 1013 638 1056; x_wconf 88' lang='lat' dir='ltr'><strong>et</strong></span> <span class='ocrx_word' id='word_1_62' title='bbox 650 1013 770 1074; x_wconf 83' lang='lat' dir='ltr'><strong>tempora</strong></span> <span class='ocrx_word' id='word_1_63' title='bbox 782 1004 852 1057; x_wconf 88' lang='lat' dir='ltr'><strong>ferro</strong></span> 
     </span>
    </p>

    <p class='ocr_par' dir='ltr' id='par_1_9' title="bbox 185 1072 932 1144">
     <span class='ocr_line' id='line_1_12' title="bbox 185 1072 932 1144; baseline -0.001 -16"><span class='ocrx_word' id='word_1_64' title='bbox 185 1074 296 1128; x_wconf 84' lang='lat' dir='ltr'><strong>Summa</strong></span> <span class='ocrx_word' id='word_1_65' title='bbox 308 1082 400 1126; x_wconf 88' lang='lat' dir='ltr'><strong>notant</strong></span> <span class='ocrx_word' id='word_1_66' title='bbox 412 1072 555 1144; x_wconf 79' lang='lat' dir='ltr'><strong>pecudum,</strong></span> <span class='ocrx_word' id='word_1_67' title='bbox 570 1074 722 1142; x_wconf 82' lang='lat' dir='ltr'><strong>paterisque</strong></span> <span class='ocrx_word' id='word_1_68' title='bbox 733 1073 827 1127; x_wconf 84' lang='lat' dir='ltr'><strong>altaria</strong></span> <span class='ocrx_word' id='word_1_69' title='bbox 838 1072 932 1127; x_wconf 82' lang='lat' dir='ltr'><strong>libent.</strong></span> 
     </span>
    </p>

    <p class='ocr_par' dir='ltr' id='par_1_10' title="bbox 184 1143 1029 1283">
     <span class='ocr_line' id='line_1_13' title="bbox 184 1143 1029 1214; baseline -0.001 -17"><span class='ocrx_word' id='word_1_70' title='bbox 184 1144 255 1197; x_wconf 86' lang='lat' dir='ltr'><strong>Tum</strong></span> <span class='ocrx_word' id='word_1_71' title='bbox 267 1143 328 1214; x_wconf 85' lang='lat' dir='ltr'><strong>pius</strong></span> <span class='ocrx_word' id='word_1_72' title='bbox 339 1145 449 1197; x_wconf 83' lang='lat' dir='ltr'><strong>Aeneas</strong></span> <span class='ocrx_word' id='word_1_73' title='bbox 460 1144 551 1196; x_wconf 85' lang='lat' dir='ltr'><strong>stricto</strong></span> <span class='ocrx_word' id='word_1_74' title='bbox 563 1144 602 1195; x_wconf 83' lang='lat' dir='ltr'><strong>sio</strong></span> <span class='ocrx_word' id='word_1_75' title='bbox 614 1159 680 1196; x_wconf 86' lang='lat' dir='ltr'><strong>ense</strong></span> <span class='ocrx_word' id='word_1_76' title='bbox 692 1152 831 1211; x_wconf 81' lang='lat' dir='ltr'><strong>precatur:</strong></span> <span class='ocrx_word' id='word_1_77' title='bbox 986 1146 1029 1196; x_wconf 86' lang='grc'><strong>175</strong></span> 
     </span>
     <span class='ocr_line' id='line_1_14' title="bbox 185 1212 915 1283; baseline 0 -17"><span class='ocrx_word' id='word_1_78' title='bbox 185 1213 267 1266; x_wconf 84' lang='lat' dir='ltr'><strong>‘Esto</strong></span> <span class='ocrx_word' id='word_1_79' title='bbox 280 1230 352 1266; x_wconf 91' lang='lat' dir='ltr'><strong>nunc</strong></span> <span class='ocrx_word' id='word_1_80' title='bbox 364 1212 408 1266; x_wconf 85' lang='lat' dir='ltr'><strong>Sol</strong></span> <span class='ocrx_word' id='word_1_81' title='bbox 420 1212 497 1265; x_wconf 83' lang='lat' dir='ltr'><strong>testie</strong></span> <span class='ocrx_word' id='word_1_82' title='bbox 507 1222 534 1264; x_wconf 90' lang='lat' dir='ltr'><strong>et</strong></span> <span class='ocrx_word' id='word_1_83' title='bbox 547 1212 615 1265; x_wconf 88' lang='lat' dir='ltr'><strong>haec</strong></span> <span class='ocrx_word' id='word_1_84' title='bbox 628 1212 695 1265; x_wconf 88' lang='lat' dir='ltr'><strong>milti</strong></span> <span class='ocrx_word' id='word_1_85' title='bbox 706 1212 788 1265; x_wconf 83' lang='lat' dir='ltr'><strong>Terre</strong></span> <span class='ocrx_word' id='word_1_86' title='bbox 800 1212 915 1283; x_wconf 86' lang='lat' dir='ltr'><strong>vocanti,</strong></span> 
     </span>
    </p>

    <p class='ocr_par' dir='ltr' id='par_1_11' title="bbox 184 1279 829 1352">
     <span class='ocr_line' id='line_1_15' title="bbox 184 1279 829 1352; baseline -0.002 -17"><span class='ocrx_word' id='word_1_87' title='bbox 184 1282 273 1340; x_wconf 78' lang='lat' dir='ltr'><strong>Quam</strong></span> <span class='ocrx_word' id='word_1_88' title='bbox 286 1290 391 1352; x_wconf 87' lang='lat' dir='ltr'><strong>propter</strong></span> <span class='ocrx_word' id='word_1_89' title='bbox 403 1290 492 1334; x_wconf 81' lang='lat' dir='ltr'><strong>tentos</strong></span> <span class='ocrx_word' id='word_1_90' title='bbox 502 1282 575 1351; x_wconf 89' lang='lat' dir='ltr'><strong>potui</strong></span> <span class='ocrx_word' id='word_1_91' title='bbox 588 1281 705 1351; x_wconf 85' lang='lat' dir='ltr'><strong>perferre</strong></span> <span class='ocrx_word' id='word_1_92' title='bbox 717 1279 829 1350; x_wconf 86' lang='lat' dir='ltr'><strong>labores,</strong></span> 
     </span>
    </p>

    <p class='ocr_par' dir='ltr' id='par_1_12' title="bbox 185 1350 852 1420">
     <span class='ocr_line' id='line_1_16' title="bbox 185 1350 852 1420; baseline -0.001 -15"><span class='ocrx_word' id='word_1_93' title='bbox 185 1352 220 1406; x_wconf 84' lang='lat' dir='ltr'><strong>Et</strong></span> <span class='ocrx_word' id='word_1_94' title='bbox 232 1352 311 1405; x_wconf 90' lang='lat' dir='ltr'><strong>Pater</strong></span> <span class='ocrx_word' id='word_1_95' title='bbox 323 1351 499 1420; x_wconf 84' lang='lat' dir='ltr'><strong>omnipotens,</strong></span> <span class='ocrx_word' id='word_1_96' title='bbox 513 1358 539 1402; x_wconf 87' lang='lat' dir='ltr'><strong>et</strong></span> <span class='ocrx_word' id='word_1_97' title='bbox 552 1359 580 1404; x_wconf 90' lang='lat' dir='ltr'><strong>tu</strong></span> <span class='ocrx_word' id='word_1_98' title='bbox 593 1350 715 1403; x_wconf 75' lang='lat' dir='ltr'><strong>Saturnia</strong></span> <span class='ocrx_word' id='word_1_99' title='bbox 726 1351 852 1419; x_wconf 81' lang='lat' dir='ltr'><strong>conjunx,</strong></span> 
     </span>
    </p>

    <p class='ocr_par' dir='ltr' id='par_1_13' title="bbox 183 1418 981 1489">
     <span class='ocr_line' id='line_1_17' title="bbox 183 1418 981 1489; baseline -0.005 -13"><span class='ocrx_word' id='word_1_100' title='bbox 183 1421 247 1476; x_wconf 77' lang='lat' dir='ltr'><strong>tum</strong></span> <span class='ocrx_word' id='word_1_101' title='bbox 258 1420 358 1489; x_wconf 88' lang='lat' dir='ltr'><strong>melior,</strong></span> <span class='ocrx_word' id='word_1_102' title='bbox 371 1418 435 1489; x_wconf 85' lang='lat' dir='ltr'><strong>jam,</strong></span> <span class='ocrx_word' id='word_1_103' title='bbox 448 1419 517 1488; x_wconf 84' lang='lat' dir='ltr'><strong>dire,</strong></span> <span class='ocrx_word' id='word_1_104' title='bbox 531 1435 639 1489; x_wconf 69' lang='lat' dir='ltr'><strong>precor,</strong></span> <span class='ocrx_word' id='word_1_105' title='bbox 658 1429 739 1488; x_wconf 88' lang='lat' dir='ltr'><strong>tuque</strong></span> <span class='ocrx_word' id='word_1_106' title='bbox 753 1419 853 1473; x_wconf 84' lang='lat' dir='ltr'><strong>inclute</strong></span> <span class='ocrx_word' id='word_1_107' title='bbox 865 1420 981 1489; x_wconf 73' lang='lat' dir='ltr'><strong>Mancre,</strong></span> 
     </span>
    </p>

    <p class='ocr_par' dir='ltr' id='par_1_14' title="bbox 185 1487 1032 1628">
     <span class='ocr_line' id='line_1_18' title="bbox 185 1487 1032 1557; baseline -0.002 -15"><span class='ocrx_word' id='word_1_108' title='bbox 185 1490 287 1543; x_wconf 86' lang='lat' dir='ltr'><strong>Cuncta</strong></span> <span class='ocrx_word' id='word_1_109' title='bbox 299 1499 344 1542; x_wconf 90' lang='lat' dir='ltr'><strong>tuo</strong></span> <span class='ocrx_word' id='word_1_110' title='bbox 375 1487 494 1557; x_wconf 86' lang='lat' dir='ltr'><strong>nibella,</strong></span> <span class='ocrx_word' id='word_1_111' title='bbox 508 1499 590 1557; x_wconf 84' lang='lat' dir='ltr'><strong>pater,</strong></span> <span class='ocrx_word' id='word_1_112' title='bbox 605 1490 655 1542; x_wconf 86' lang='lat' dir='ltr'><strong>sub</strong></span> <span class='ocrx_word' id='word_1_113' title='bbox 668 1489 778 1541; x_wconf 89' lang='lat' dir='ltr'><strong>numine</strong></span> <span class='ocrx_word' id='word_1_114' title='bbox 791 1498 899 1557; x_wconf 79' lang='lat' dir='ltr'><strong>torques</strong></span> <span class='ocrx_word' id='word_1_115' title='bbox 907 1505 914 1557; x_wconf 98' lang='grc'><strong><em>5</em></strong></span> <span class='ocrx_word' id='word_1_116' title='bbox 987 1491 1032 1542; x_wconf 81' lang='grc'><strong>180</strong></span> 
     </span>
     <span class='ocr_line' id='line_1_19' title="bbox 185 1507 917 1628; baseline -0.001 -17"><span class='ocrx_word' id='word_1_117' title='bbox 185 1559 328 1628; x_wconf 85' lang='lat' dir='ltr'><strong>Fontisque</strong></span> <span class='ocrx_word' id='word_1_118' title='bbox 341 1507 503 1626; x_wconf 75' lang='lat' dir='ltr'><strong>Fiuviosque</strong></span> <span class='ocrx_word' id='word_1_119' title='bbox 516 1573 588 1626; x_wconf 84' lang='lat' dir='ltr'><strong>roco,</strong></span> <span class='ocrx_word' id='word_1_120' title='bbox 602 1575 726 1627; x_wconf 79' lang='lat' dir='ltr'><strong>quaeque</strong></span> <span class='ocrx_word' id='word_1_121' title='bbox 738 1558 857 1611; x_wconf 74' lang='lat' dir='ltr'><strong>aetheris</strong></span> <span class='ocrx_word' id='word_1_122' title='bbox 868 1557 917 1610; x_wconf 83' lang='lat' dir='ltr'><strong>ulti</strong></span> 
     </span>
    </p>

    <p class='ocr_par' dir='ltr' id='par_1_15' title="bbox 185 1627 861 1697">
     <span class='ocr_line' id='line_1_20' title="bbox 185 1627 861 1697; baseline -0.004 -15"><span class='ocrx_word' id='word_1_123' title='bbox 185 1628 295 1695; x_wconf 79' lang='lat' dir='ltr'><strong>Religio,</strong></span> <span class='ocrx_word' id='word_1_124' title='bbox 309 1637 336 1680; x_wconf 90' lang='lat' dir='ltr'><strong>et</strong></span> <span class='ocrx_word' id='word_1_125' title='bbox 348 1642 418 1696; x_wconf 87' lang='lat' dir='ltr'><strong>quae</strong></span> <span class='ocrx_word' id='word_1_126' title='bbox 430 1627 555 1679; x_wconf 88' lang='lat' dir='ltr'><strong>oaemleo</strong></span> <span class='ocrx_word' id='word_1_127' title='bbox 569 1635 631 1679; x_wconf 81' lang='lat' dir='ltr'><strong>eunt</strong></span> <span class='ocrx_word' id='word_1_128' title='bbox 643 1628 754 1679; x_wconf 86' lang='lat' dir='ltr'><strong>numina</strong></span> <span class='ocrx_word' id='word_1_129' title='bbox 766 1635 861 1697; x_wconf 88' lang='lat' dir='ltr'><strong>ponto:</strong></span> 
     </span>
    </p>

    <p class='ocr_par' dir='ltr' id='par_1_16' title="bbox 184 1695 1098 1972">
     <span class='ocr_line' id='line_1_21' title="bbox 185 1695 1098 1771; baseline -0.004 -21"><span class='ocrx_word' id='word_1_130' title='bbox 185 1697 299 1750; x_wconf 82' lang='lat' dir='ltr'><strong>Cesserit</strong></span> <span class='ocrx_word' id='word_1_131' title='bbox 310 1695 429 1749; x_wconf 87' lang='lat' dir='ltr'><strong>Ausonio</strong></span> <span class='ocrx_word' id='word_1_132' title='bbox 440 1695 464 1748; x_wconf 86' lang='lat' dir='ltr'><strong>si</strong></span> <span class='ocrx_word' id='word_1_133' title='bbox 476 1696 528 1748; x_wconf 84' lang='lat' dir='ltr'><strong>lore</strong></span> <span class='ocrx_word' id='word_1_134' title='bbox 539 1695 647 1749; x_wconf 77' lang='lat' dir='ltr'><strong>victoria</strong></span> <span class='ocrx_word' id='word_1_135' title='bbox 659 1695 755 1765; x_wconf 89' lang='lat' dir='ltr'><strong>Turno,</strong></span> <span class='ocrx_word' id='word_1_136' title='bbox 1097 1754 1098 1771; x_wconf 43' lang='lat'><strong>,</strong></span> 
     </span>
     <span class='ocr_line' id='line_1_22' title="bbox 184 1763 1098 1834; baseline -0.007 -15"><span class='ocrx_word' id='word_1_137' title='bbox 184 1766 313 1819; x_wconf 80' lang='lat' dir='ltr'><strong>Convenit</strong></span> <span class='ocrx_word' id='word_1_138' title='bbox 327 1763 443 1819; x_wconf 87' lang='lat' dir='ltr'><strong>Evandri</strong></span> <span class='ocrx_word' id='word_1_139' title='bbox 456 1765 541 1818; x_wconf 81' lang='lat' dir='ltr'><strong>victos</strong></span> <span class='ocrx_word' id='word_1_140' title='bbox 553 1764 694 1819; x_wconf 74' lang='lat' dir='ltr'><strong>discedere</strong></span> <span class='ocrx_word' id='word_1_141' title='bbox 705 1765 740 1818; x_wconf 85' lang='lat' dir='ltr'><strong>ad</strong></span> <span class='ocrx_word' id='word_1_142' title='bbox 754 1765 867 1834; x_wconf 82' lang='lat' dir='ltr'><strong>urbem3</strong></span> <span class='ocrx_word' id='word_1_143' title='bbox 1097 1774 1098 1813; x_wconf 81' lang='lat' dir='ltr'><strong>t</strong></span> 
     </span>
     <span class='ocr_line' id='line_1_23' title="bbox 184 1816 1098 1903; baseline -0.002 -15"><span class='ocrx_word' id='word_1_144' title='bbox 184 1833 269 1888; x_wconf 81' lang='lat' dir='ltr'><strong>Cedet</strong></span> <span class='ocrx_word' id='word_1_145' title='bbox 281 1835 355 1888; x_wconf 89' lang='lat' dir='ltr'><strong>lulus</strong></span> <span class='ocrx_word' id='word_1_146' title='bbox 366 1834 436 1902; x_wconf 86' lang='lat' dir='ltr'><strong>agris</strong></span> <span class='ocrx_word' id='word_1_147' title='bbox 443 1850 451 1902; x_wconf 87' lang='grc'><strong><em>5</em></strong></span> <span class='ocrx_word' id='word_1_148' title='bbox 468 1851 521 1887; x_wconf 90' lang='lat' dir='ltr'><strong>nec</strong></span> <span class='ocrx_word' id='word_1_149' title='bbox 532 1843 591 1903; x_wconf 86' lang='lat' dir='ltr'><strong>post</strong></span> <span class='ocrx_word' id='word_1_150' title='bbox 602 1850 679 1887; x_wconf 82' lang='lat' dir='ltr'><strong>erma</strong></span> <span class='ocrx_word' id='word_1_151' title='bbox 691 1835 745 1887; x_wconf 85' lang='lat' dir='ltr'><strong>ulla</strong></span> <span class='ocrx_word' id='word_1_152' title='bbox 758 1835 872 1889; x_wconf 81' lang='lat' dir='ltr'><strong>rebelles</strong></span> <span class='ocrx_word' id='word_1_153' title='bbox 988 1835 1036 1888; x_wconf 89' lang='grc'><strong>185</strong></span> <span class='ocrx_word' id='word_1_154' title='bbox 1097 1816 1098 1903; x_wconf 68' lang='lat' dir='ltr'><strong>l</strong></span> 
     </span>
     <span class='ocr_line' id='line_1_24' title="bbox 185 1902 914 1972; baseline -0.001 -14"><span class='ocrx_word' id='word_1_155' title='bbox 185 1903 331 1958; x_wconf 75' lang='lat' dir='ltr'><strong>Aeneadae</strong></span> <span class='ocrx_word' id='word_1_156' title='bbox 344 1903 467 1970; x_wconf 81' lang='lat' dir='ltr'><strong>reserent,</strong></span> <span class='ocrx_word' id='word_1_157' title='bbox 481 1902 585 1956; x_wconf 81' lang='lat' dir='ltr'><strong>ferrove</strong></span> <span class='ocrx_word' id='word_1_158' title='bbox 598 1903 666 1956; x_wconf 76' lang='lat' dir='ltr'><strong>haec</strong></span> <span class='ocrx_word' id='word_1_159' title='bbox 678 1920 760 1972; x_wconf 85' lang='lat' dir='ltr'><strong>regna</strong></span> <span class='ocrx_word' id='word_1_160' title='bbox 771 1904 914 1957; x_wconf 87' lang='lat' dir='ltr'><strong>lacessent.</strong></span> 
     </span>
    </p>

    <p class='ocr_par' dir='ltr' id='par_1_17' title="bbox 184 1971 875 2027">
     <span class='ocr_line' id='line_1_25' title="bbox 184 1971 875 2027; baseline 0 -1"><span class='ocrx_word' id='word_1_161' title='bbox 184 1973 227 2026; x_wconf 79' lang='lat' dir='ltr'><strong>stu</strong></span> <span class='ocrx_word' id='word_1_162' title='bbox 241 1983 361 2027; x_wconf 87' lang='lat' dir='ltr'><strong>nostrum</strong></span> <span class='ocrx_word' id='word_1_163' title='bbox 372 1971 494 2025; x_wconf 80' lang='lat' dir='ltr'><strong>annuerit</strong></span> <span class='ocrx_word' id='word_1_164' title='bbox 507 1972 582 2026; x_wconf 82' lang='lat' dir='ltr'><strong>nobie</strong></span> <span class='ocrx_word' id='word_1_165' title='bbox 594 1972 710 2026; x_wconf 75' lang='lat' dir='ltr'><strong>Victoria</strong></span> <span class='ocrx_word' id='word_1_166' title='bbox 722 1974 875 2026; x_wconf 83' lang='lat' dir='ltr'><strong>Martem·-</strong></span> 
     </span>
    </p>

    <p class='ocr_par' dir='ltr' id='par_1_18' title="bbox 186 2040 857 2112">
     <span class='ocr_line' id='line_1_26' title="bbox 186 2040 857 2112; baseline -0.001 -16"><span class='ocrx_word' id='word_1_167' title='bbox 186 2040 219 2096; x_wconf 92' lang='lat' dir='ltr'><strong>Ut</strong></span> <span class='ocrx_word' id='word_1_168' title='bbox 232 2043 320 2112; x_wconf 89' lang='lat' dir='ltr'><strong>potius</strong></span> <span class='ocrx_word' id='word_1_169' title='bbox 332 2058 396 2105; x_wconf 86' lang='lat' dir='ltr'><strong>reor,</strong></span> <span class='ocrx_word' id='word_1_170' title='bbox 410 2050 437 2093; x_wconf 82' lang='lat' dir='ltr'><strong>et</strong></span> <span class='ocrx_word' id='word_1_171' title='bbox 451 2041 538 2110; x_wconf 84' lang='lat' dir='ltr'><strong>potius</strong></span> <span class='ocrx_word' id='word_1_172' title='bbox 551 2042 578 2093; x_wconf 93' lang='lat' dir='ltr'><strong>di</strong></span> <span class='ocrx_word' id='word_1_173' title='bbox 592 2043 702 2096; x_wconf 90' lang='lat' dir='ltr'><strong>numine</strong></span> <span class='ocrx_word' id='word_1_174' title='bbox 715 2043 857 2096; x_wconf 83' lang='lat' dir='ltr'><strong>firment-</strong></span> 
     </span>
    </p>

    <p class='ocr_par' dir='ltr' id='par_1_19' title="bbox 184 2111 808 2182">
     <span class='ocr_line' id='line_1_27' title="bbox 184 2111 808 2182; baseline -0.003 -16"><span class='ocrx_word' id='word_1_175' title='bbox 184 2113 243 2167; x_wconf 93' lang='lat' dir='ltr'><strong>Non</strong></span> <span class='ocrx_word' id='word_1_176' title='bbox 256 2128 306 2179; x_wconf 83' lang='lat' dir='ltr'><strong>ego</strong></span> <span class='ocrx_word' id='word_1_177' title='bbox 318 2128 369 2163; x_wconf 86' lang='lat' dir='ltr'><strong>uec</strong></span> <span class='ocrx_word' id='word_1_178' title='bbox 381 2111 493 2163; x_wconf 85' lang='lat' dir='ltr'><strong>Teucris</strong></span> <span class='ocrx_word' id='word_1_179' title='bbox 505 2112 585 2164; x_wconf 82' lang='lat' dir='ltr'><strong>Italos</strong></span> <span class='ocrx_word' id='word_1_180' title='bbox 596 2128 690 2180; x_wconf 82' lang='lat' dir='ltr'><strong>parere</strong></span> <span class='ocrx_word' id='word_1_181' title='bbox 701 2111 808 2182; x_wconf 85' lang='lat' dir='ltr'><strong>jubebo,</strong></span> 
     </span>
    </p>

    <p class='ocr_par' dir='ltr' id='par_1_20' title="bbox 181 2180 1098 2527">
     <span class='ocr_line' id='line_1_28' title="bbox 183 2180 1039 2250; baseline -0.005 -14"><span class='ocrx_word' id='word_1_182' title='bbox 183 2182 243 2236; x_wconf 87' lang='lat' dir='ltr'><strong>Nec</strong></span> <span class='ocrx_word' id='word_1_183' title='bbox 256 2180 321 2233; x_wconf 90' lang='lat' dir='ltr'><strong>mihi</strong></span> <span class='ocrx_word' id='word_1_184' title='bbox 336 2197 416 2249; x_wconf 83' lang='lat' dir='ltr'><strong>regna</strong></span> <span class='ocrx_word' id='word_1_185' title='bbox 428 2188 490 2250; x_wconf 89' lang='lat' dir='ltr'><strong>peto</strong></span> <span class='ocrx_word' id='word_1_186' title='bbox 498 2197 506 2248; x_wconf 88' lang='grc'><strong><em>5</em></strong></span> <span class='ocrx_word' id='word_1_187' title='bbox 524 2181 633 2250; x_wconf 85' lang='lat' dir='ltr'><strong>paribus</strong></span> <span class='ocrx_word' id='word_1_188' title='bbox 646 2199 674 2234; x_wconf 86' lang='lat' dir='ltr'><strong>ee</strong></span> <span class='ocrx_word' id='word_1_189' title='bbox 688 2180 902 2250; x_wconf 69' lang='lat' dir='ltr'><strong>legibus&#39;ambue</strong></span> <span class='ocrx_word' id='word_1_190' title='bbox 990 2183 1039 2235; x_wconf 80' lang='lat' dir='ltr'><strong>teo</strong></span> 
     </span>
     <span class='ocr_line' id='line_1_29' title="bbox 183 2250 1098 2318; baseline -0.004 -13"><span class='ocrx_word' id='word_1_191' title='bbox 183 2251 302 2305; x_wconf 80' lang='lat' dir='ltr'><strong>invictae</strong></span> <span class='ocrx_word' id='word_1_192' title='bbox 314 2261 409 2318; x_wconf 83' lang='lat' dir='ltr'><strong>gentes</strong></span> <span class='ocrx_word' id='word_1_193' title='bbox 421 2259 531 2302; x_wconf 83' lang='lat' dir='ltr'><strong>aeterne</strong></span> <span class='ocrx_word' id='word_1_194' title='bbox 542 2251 569 2303; x_wconf 87' lang='lat' dir='ltr'><strong>in</strong></span> <span class='ocrx_word' id='word_1_195' title='bbox 582 2250 691 2303; x_wconf 82' lang='lat' dir='ltr'><strong>foedera</strong></span> <span class='ocrx_word' id='word_1_196' title='bbox 704 2252 819 2304; x_wconf 90' lang='lat' dir='ltr'><strong>mittant.</strong></span> <span class='ocrx_word' id='word_1_197' title='bbox 1097 2292 1098 2295; x_wconf 59' lang='grc'>,</span> 
     </span>
     <span class='ocr_line' id='line_1_30' title="bbox 183 2318 903 2389; baseline -0.005 -14"><span class='ocrx_word' id='word_1_198' title='bbox 183 2321 264 2375; x_wconf 83' lang='lat' dir='ltr'><strong>Sacra</strong></span> <span class='ocrx_word' id='word_1_199' title='bbox 275 2319 393 2388; x_wconf 88' lang='lat' dir='ltr'><strong>deosque</strong></span> <span class='ocrx_word' id='word_1_200' title='bbox 404 2318 474 2371; x_wconf 84' lang='lat' dir='ltr'><strong>dabo</strong></span> <span class='ocrx_word' id='word_1_201' title='bbox 481 2337 489 2389; x_wconf 88' lang='grc'><strong><em>5</em></strong></span> <span class='ocrx_word' id='word_1_202' title='bbox 507 2335 582 2372; x_wconf 85' lang='lat' dir='ltr'><strong>socer</strong></span> <span class='ocrx_word' id='word_1_203' title='bbox 593 2337 669 2372; x_wconf 84' lang='lat' dir='ltr'><strong>erma</strong></span> <span class='ocrx_word' id='word_1_204' title='bbox 681 2320 791 2373; x_wconf 80' lang='lat' dir='ltr'><strong>Latinus</strong></span> <span class='ocrx_word' id='word_1_205' title='bbox 804 2318 903 2371; x_wconf 83' lang='lat' dir='ltr'><strong>habeto</strong></span> 
     </span>
     <span class='ocr_line' id='line_1_31' title="bbox 181 2388 969 2460; baseline -0.005 -16"><span class='ocrx_word' id='word_1_206' title='bbox 181 2391 327 2460; x_wconf 89' lang='lat' dir='ltr'><strong>Imperium</strong></span> <span class='ocrx_word' id='word_1_207' title='bbox 339 2389 469 2441; x_wconf 87' lang='lat' dir='ltr'><strong>sollemne</strong></span> <span class='ocrx_word' id='word_1_208' title='bbox 482 2405 558 2442; x_wconf 85' lang='lat' dir='ltr'><strong>socer</strong></span> <span class='ocrx_word' id='word_1_209' title='bbox 565 2406 573 2456; x_wconf 92' lang='grc'><strong><em>5</em></strong></span> <span class='ocrx_word' id='word_1_210' title='bbox 592 2388 659 2442; x_wconf 90' lang='lat' dir='ltr'><strong>rnihi</strong></span> <span class='ocrx_word' id='word_1_211' title='bbox 673 2389 777 2442; x_wconf 84' lang='lat' dir='ltr'><strong>moenie</strong></span> <span class='ocrx_word' id='word_1_212' title='bbox 790 2388 888 2441; x_wconf 84' lang='lat' dir='ltr'><strong>Teucri</strong></span> <span class='ocrx_word' id='word_1_213' title='bbox 966 2420 969 2426; x_wconf 90' lang='lat'>-</span> 
     </span>
     <span class='ocr_line' id='line_1_32' title="bbox 182 2458 818 2527; baseline -0.005 -14"><span class='ocrx_word' id='word_1_214' title='bbox 182 2461 356 2526; x_wconf 86' lang='lat' dir='ltr'><strong>Constitueut,</strong></span> <span class='ocrx_word' id='word_1_215' title='bbox 369 2459 482 2527; x_wconf 89' lang='lat' dir='ltr'><strong>urbique</strong></span> <span class='ocrx_word' id='word_1_216' title='bbox 493 2458 568 2511; x_wconf 92' lang='lat' dir='ltr'><strong>dabit</strong></span> <span class='ocrx_word' id='word_1_217' title='bbox 580 2459 691 2511; x_wconf 83' lang='lat' dir='ltr'><strong>Lavinia</strong></span> <span class='ocrx_word' id='word_1_218' title='bbox 702 2459 818 2510; x_wconf 72' lang='lat' dir='ltr'><strong>nornen.²</strong></span> 
     </span>
    </p>

    <p class='ocr_par' dir='ltr' id='par_1_21' title="bbox 181 2527 1098 3014">
     <span class='ocr_line' id='line_1_33' title="bbox 182 2527 1039 2598; baseline -0.005 -16"><span class='ocrx_word' id='word_1_219' title='bbox 182 2529 226 2582; x_wconf 78' lang='lat' dir='ltr'><strong>Sic</strong></span> <span class='ocrx_word' id='word_1_220' title='bbox 238 2531 307 2598; x_wconf 89' lang='lat' dir='ltr'><strong>prior</strong></span> <span class='ocrx_word' id='word_1_221' title='bbox 318 2530 426 2581; x_wconf 79' lang='lat' dir='ltr'><strong>Aeneae</strong></span> <span class='ocrx_word' id='word_1_222' title='bbox 433 2543 441 2595; x_wconf 88' lang='grc'><strong><em>5</em></strong></span> <span class='ocrx_word' id='word_1_223' title='bbox 460 2528 580 2596; x_wconf 87' lang='lat' dir='ltr'><strong>sequitur</strong></span> <span class='ocrx_word' id='word_1_224' title='bbox 591 2527 630 2580; x_wconf 82' lang='lat' dir='ltr'><strong>sic</strong></span> <span class='ocrx_word' id='word_1_225' title='bbox 642 2527 740 2581; x_wconf 86' lang='lat' dir='ltr'><strong>deinde</strong></span> <span class='ocrx_word' id='word_1_226' title='bbox 753 2527 870 2596; x_wconf 77' lang='lat' dir='ltr'><strong>Latinus,</strong></span> <span class='ocrx_word' id='word_1_227' title='bbox 991 2528 1039 2578; x_wconf 80' lang='grc'><strong>195</strong></span> 
     </span>
     <span class='ocr_line' id='line_1_34' title="bbox 182 2596 1029 2667; baseline -0.002 -16"><span class='ocrx_word' id='word_1_228' title='bbox 182 2597 336 2667; x_wconf 82' lang='lat' dir='ltr'><strong>Suspicieus</strong></span> <span class='ocrx_word' id='word_1_229' title='bbox 347 2597 461 2667; x_wconf 85' lang='lat' dir='ltr'><strong>eoelum,</strong></span> <span class='ocrx_word' id='word_1_230' title='bbox 476 2597 615 2664; x_wconf 86' lang='lat' dir='ltr'><strong>tenditque</strong></span> <span class='ocrx_word' id='word_1_231' title='bbox 627 2597 663 2649; x_wconf 86' lang='lat' dir='ltr'><strong>ad</strong></span> <span class='ocrx_word' id='word_1_232' title='bbox 675 2598 763 2650; x_wconf 84' lang='lat' dir='ltr'><strong>sidera</strong></span> <span class='ocrx_word' id='word_1_233' title='bbox 775 2596 913 2649; x_wconf 81' lang='lat' dir='ltr'><strong>dextrum:</strong></span> <span class='ocrx_word' id='word_1_234' title='bbox 1024 2607 1029 2616; x_wconf 86' lang='lat'>&#39;</span> 
     </span>
     <span class='ocr_line' id='line_1_35' title="bbox 183 2664 1098 2736; baseline -0.004 -16"><span class='ocrx_word' id='word_1_235' title='bbox 183 2667 273 2720; x_wconf 81' lang='lat' dir='ltr'><strong>‘llaec</strong></span> <span class='ocrx_word' id='word_1_236' title='bbox 285 2666 391 2735; x_wconf 85' lang='lat' dir='ltr'><strong>eadem,</strong></span> <span class='ocrx_word' id='word_1_237' title='bbox 405 2668 505 2734; x_wconf 82' lang='lat' dir='ltr'><strong>Aenea,</strong></span> <span class='ocrx_word' id='word_1_238' title='bbox 519 2665 639 2735; x_wconf 87' lang='lat' dir='ltr'><strong>Terram,</strong></span> <span class='ocrx_word' id='word_1_239' title='bbox 653 2666 738 2735; x_wconf 82' lang='lat' dir='ltr'><strong>Mare,</strong></span> <span class='ocrx_word' id='word_1_240' title='bbox 751 2665 850 2733; x_wconf 88' lang='lat' dir='ltr'><strong>Sidera,</strong></span> <span class='ocrx_word' id='word_1_241' title='bbox 862 2664 931 2736; x_wconf 86' lang='lat' dir='ltr'><strong>juro,</strong></span> <span class='ocrx_word' id='word_1_242' title='bbox 1097 2714 1098 2729; x_wconf 63' lang='lat'><strong>,</strong></span> 
     </span>
     <span class='ocr_line' id='line_1_36' title="bbox 181 2732 1098 2806; baseline -0.004 -17"><span class='ocrx_word' id='word_1_243' title='bbox 181 2736 354 2806; x_wconf 83' lang='lat' dir='ltr'><strong>Latonaeque</strong></span> <span class='ocrx_word' id='word_1_244' title='bbox 366 2752 451 2803; x_wconf 84' lang='lat' dir='ltr'><strong>genus</strong></span> <span class='ocrx_word' id='word_1_245' title='bbox 463 2734 570 2805; x_wconf 82' lang='lat' dir='ltr'><strong>duplex,</strong></span> <span class='ocrx_word' id='word_1_246' title='bbox 583 2735 736 2805; x_wconf 78' lang='lat' dir='ltr'><strong>lariumque</strong></span> <span class='ocrx_word' id='word_1_247' title='bbox 747 2733 901 2803; x_wconf 80' lang='lat' dir='ltr'><strong>bifrontem,</strong></span> <span class='ocrx_word' id='word_1_248' title='bbox 1097 2732 1098 2749; x_wconf 64' lang='lat'>¹</span> 
     </span>
     <span class='ocr_line' id='line_1_37' title="bbox 181 2802 872 2875; baseline -0.005 -17"><span class='ocrx_word' id='word_1_249' title='bbox 181 2805 298 2875; x_wconf 83' lang='lat' dir='ltr'><strong>Vimque</strong></span> <span class='ocrx_word' id='word_1_250' title='bbox 311 2806 392 2859; x_wconf 90' lang='lat' dir='ltr'><strong>deum</strong></span> <span class='ocrx_word' id='word_1_251' title='bbox 406 2802 537 2857; x_wconf 78' lang='lat' dir='ltr'><strong>infernam</strong></span> <span class='ocrx_word' id='word_1_252' title='bbox 550 2813 577 2856; x_wconf 88' lang='lat' dir='ltr'><strong>et</strong></span> <span class='ocrx_word' id='word_1_253' title='bbox 589 2803 649 2857; x_wconf 86' lang='lat' dir='ltr'><strong>duri</strong></span> <span class='ocrx_word' id='word_1_254' title='bbox 661 2803 775 2857; x_wconf 84' lang='lat' dir='ltr'><strong>sacraria</strong></span> <span class='ocrx_word' id='word_1_255' title='bbox 788 2804 857 2856; x_wconf 86' lang='lat' dir='ltr'><strong>Ditis</strong></span> <span class='ocrx_word' id='word_1_256' title='bbox 863 2819 872 2871; x_wconf 89' lang='grc'><strong><em>5</em></strong></span> 
     </span>
     <span class='ocr_line' id='line_1_38' title="bbox 182 2871 1042 2942; baseline -0.005 -13"><span class='ocrx_word' id='word_1_257' title='bbox 182 2875 283 2929; x_wconf 86' lang='lat' dir='ltr'><strong>Audiat</strong></span> <span class='ocrx_word' id='word_1_258' title='bbox 295 2875 364 2928; x_wconf 87' lang='lat' dir='ltr'><strong>haec</strong></span> <span class='ocrx_word' id='word_1_259' title='bbox 375 2873 497 2941; x_wconf 83' lang='lat' dir='ltr'><strong>Genitor,</strong></span> <span class='ocrx_word' id='word_1_260' title='bbox 512 2874 559 2942; x_wconf 89' lang='lat' dir='ltr'><strong>qui</strong></span> <span class='ocrx_word' id='word_1_261' title='bbox 571 2871 679 2926; x_wconf 78' lang='lat' dir='ltr'><strong>loedere</strong></span> <span class='ocrx_word' id='word_1_262' title='bbox 691 2872 805 2926; x_wconf 85' lang='lat' dir='ltr'><strong>fulmine</strong></span> <span class='ocrx_word' id='word_1_263' title='bbox 817 2871 913 2925; x_wconf 76' lang='lat' dir='ltr'><strong>sancit.</strong></span> <span class='ocrx_word' id='word_1_264' title='bbox 990 2874 1042 2925; x_wconf 70' lang='grc' dir='ltr'><em>Μ</em></span> 
     </span>
     <span class='ocr_line' id='line_1_39' title="bbox 181 2941 823 3014; baseline -0.005 -17"><span class='ocrx_word' id='word_1_265' title='bbox 181 2944 274 3012; x_wconf 83' lang='lat' dir='ltr'><strong>Tango</strong></span> <span class='ocrx_word' id='word_1_266' title='bbox 286 2961 353 3014; x_wconf 82' lang='lat' dir='ltr'><strong>aras,</strong></span> <span class='ocrx_word' id='word_1_267' title='bbox 366 2941 472 2996; x_wconf 91' lang='lat' dir='ltr'><strong>medios</strong></span> <span class='ocrx_word' id='word_1_268' title='bbox 484 2942 553 3011; x_wconf 79' lang='lat' dir='ltr'><strong>ignis</strong></span> <span class='ocrx_word' id='word_1_269' title='bbox 564 2951 591 2995; x_wconf 90' lang='lat' dir='ltr'><strong>et</strong></span> <span class='ocrx_word' id='word_1_270' title='bbox 603 2943 715 2995; x_wconf 87' lang='lat' dir='ltr'><strong>numine</strong></span> <span class='ocrx_word' id='word_1_271' title='bbox 727 2951 823 2995; x_wconf 84' lang='lat' dir='ltr'><strong>testor:</strong></span> 
     </span>
    </p>

    <p class='ocr_par' dir='ltr' id='par_1_22' title="bbox 181 3010 923 3081">
     <span class='ocr_line' id='line_1_40' title="bbox 181 3010 923 3081; baseline -0.005 -15"><span class='ocrx_word' id='word_1_272' title='bbox 181 3013 263 3066; x_wconf 91' lang='lat' dir='ltr'><strong>Nulla</strong></span> <span class='ocrx_word' id='word_1_273' title='bbox 275 3013 335 3064; x_wconf 81' lang='lat' dir='ltr'><strong>dies</strong></span> <span class='ocrx_word' id='word_1_274' title='bbox 347 3028 442 3081; x_wconf 76' lang='lat' dir='ltr'><strong>pacem</strong></span> <span class='ocrx_word' id='word_1_275' title='bbox 456 3011 526 3064; x_wconf 88' lang='lat' dir='ltr'><strong>hano</strong></span> <span class='ocrx_word' id='word_1_276' title='bbox 538 3011 612 3065; x_wconf 88' lang='lat' dir='ltr'><strong>Italis</strong></span> <span class='ocrx_word' id='word_1_277' title='bbox 624 3029 674 3064; x_wconf 87' lang='lat' dir='ltr'><strong>nec</strong></span> <span class='ocrx_word' id='word_1_278' title='bbox 687 3010 795 3064; x_wconf 85' lang='lat' dir='ltr'><strong>foedere</strong></span> <span class='ocrx_word' id='word_1_279' title='bbox 808 3018 923 3080; x_wconf 88' lang='lat' dir='ltr'><strong>rumpet,</strong></span> 
     </span>
    </p>

    <p class='ocr_par' dir='ltr' id='par_1_23' title="bbox 181 3079 950 3150">
     <span class='ocr_line' id='line_1_41' title="bbox 181 3079 950 3150; baseline 0.001 -18"><span class='ocrx_word' id='word_1_280' title='bbox 181 3080 240 3138; x_wconf 83' lang='lat' dir='ltr'><strong>Quo</strong></span> <span class='ocrx_word' id='word_1_281' title='bbox 252 3097 294 3132; x_wconf 87' lang='lat' dir='ltr'><strong>ree</strong></span> <span class='ocrx_word' id='word_1_282' title='bbox 306 3097 424 3149; x_wconf 88' lang='lat' dir='ltr'><strong>cumque</strong></span> <span class='ocrx_word' id='word_1_283' title='bbox 436 3080 549 3150; x_wconf 81' lang='lat' dir='ltr'><strong>cadent3</strong></span> <span class='ocrx_word' id='word_1_284' title='bbox 568 3098 619 3133; x_wconf 88' lang='lat' dir='ltr'><strong>nec</strong></span> <span class='ocrx_word' id='word_1_285' title='bbox 631 3098 676 3133; x_wconf 90' lang='lat' dir='ltr'><strong>me</strong></span> <span class='ocrx_word' id='word_1_286' title='bbox 688 3081 730 3134; x_wconf 85' lang='lat' dir='ltr'><strong>vie</strong></span> <span class='ocrx_word' id='word_1_287' title='bbox 743 3079 797 3132; x_wconf 81' lang='lat' dir='ltr'><strong>ullu</strong></span> <span class='ocrx_word' id='word_1_288' title='bbox 809 3079 950 3133; x_wconf 75' lang='lat' dir='ltr'><strong>volentem</strong></span> 
     </span>
    </p>

    <p class='ocr_par' dir='ltr' id='par_1_24' title="bbox 180 3148 836 3216">
     <span class='ocr_line' id='line_1_42' title="bbox 180 3148 836 3216; baseline 0 -16"><span class='ocrx_word' id='word_1_289' title='bbox 180 3150 307 3216; x_wconf 50' lang='lat' dir='ltr'><strong>advertet,</strong></span> <span class='ocrx_word' id='word_1_290' title='bbox 326 3165 385 3216; x_wconf 89' lang='lat' dir='ltr'><strong>non,</strong></span> <span class='ocrx_word' id='word_1_291' title='bbox 399 3150 421 3201; x_wconf 87' lang='lat' dir='ltr'><strong>si</strong></span> <span class='ocrx_word' id='word_1_292' title='bbox 434 3149 559 3203; x_wconf 90' lang='lat' dir='ltr'><strong>tellurem</strong></span> <span class='ocrx_word' id='word_1_293' title='bbox 570 3149 692 3203; x_wconf 78' lang='lat' dir='ltr'><strong>effundat</strong></span> <span class='ocrx_word' id='word_1_294' title='bbox 704 3150 731 3202; x_wconf 91' lang='lat' dir='ltr'><strong>in</strong></span> <span class='ocrx_word' id='word_1_295' title='bbox 742 3148 836 3215; x_wconf 87' lang='lat' dir='ltr'><strong>undas,</strong></span> 
     </span>
    </p>
   </div>
   <div class='ocr_carea' id='block_1_3' title="bbox 112 3244 1043 3544">
    <p class='ocr_par' dir='ltr' id='par_1_25' title="bbox 112 3244 1043 3544">
     <span class='ocr_line' id='line_1_43' title="bbox 142 3244 1043 3313; baseline 0.009 -26"><span class='ocrx_word' id='word_1_296' title='bbox 142 3244 193 3309; x_wconf 59' lang='grc'><strong>165.</strong></span> <span class='ocrx_word' id='word_1_297' title='bbox 205 3244 284 3313; x_wconf 79' lang='lat' dir='ltr'><strong>virgil</strong></span> <span class='ocrx_word' id='word_1_298' title='bbox 294 3261 376 3294; x_wconf 85' lang='lat' dir='ltr'><strong>seems</strong></span> <span class='ocrx_word' id='word_1_299' title='bbox 387 3256 413 3293; x_wconf 92' lang='lat' dir='ltr'><strong>to</strong></span> <span class='ocrx_word' id='word_1_300' title='bbox 424 3247 491 3295; x_wconf 84' lang='lat' dir='ltr'><strong>druw</strong></span> <span class='ocrx_word' id='word_1_301' title='bbox 502 3249 543 3296; x_wconf 88' lang='lat' dir='ltr'><strong>the</strong></span> <span class='ocrx_word' id='word_1_302' title='bbox 555 3249 655 3297; x_wconf 84' lang='lat' dir='ltr'><strong>descent</strong></span> <span class='ocrx_word' id='word_1_303' title='bbox 666 3249 695 3297; x_wconf 80' lang='lat' dir='ltr'><strong>of</strong></span> <span class='ocrx_word' id='word_1_304' title='bbox 702 3248 805 3297; x_wconf 82' lang='lat' dir='ltr'><strong>Latinus</strong></span> <span class='ocrx_word' id='word_1_305' title='bbox 816 3247 923 3308; x_wconf 76' lang='lat' dir='ltr'><strong>through</strong></span> <span class='ocrx_word' id='word_1_306' title='bbox 935 3247 1043 3296; x_wconf 72' lang='lat' dir='ltr'><strong>Faunus</strong></span> 
     </span>
     <span class='ocr_line' id='line_1_44' title="bbox 116 3297 1042 3369; baseline 0.01 -26"><span class='ocrx_word' id='word_1_307' title='bbox 116 3307 144 3362; x_wconf 69' lang='lat' dir='ltr'><strong>te¹</strong></span> <span class='ocrx_word' id='word_1_308' title='bbox 154 3297 227 3347; x_wconf 83' lang='lat' dir='ltr'><strong>Picus</strong></span> <span class='ocrx_word' id='word_1_309' title='bbox 244 3306 344 3368; x_wconf 66' lang='lat' dir='ltr'><strong>(yrudl,</strong></span> <span class='ocrx_word' id='word_1_310' title='bbox 358 3308 410 3359; x_wconf 86' lang='grc'><strong>191)</strong></span> <span class='ocrx_word' id='word_1_311' title='bbox 426 3305 487 3354; x_wconf 88' lang='lat' dir='ltr'><strong>from</strong></span> <span class='ocrx_word' id='word_1_312' title='bbox 505 3307 585 3362; x_wconf 82' lang='lat' dir='ltr'><strong>Circe,</strong></span> <span class='ocrx_word' id='word_1_313' title='bbox 604 3308 670 3355; x_wconf 83' lang='lat' dir='ltr'><strong>Sol’e</strong></span> <span class='ocrx_word' id='word_1_314' title='bbox 686 3307 806 3369; x_wconf 72' lang='lat' dir='ltr'><strong>daughter</strong></span> <span class='ocrx_word' id='word_1_315' title='bbox 821 3308 871 3362; x_wconf 88' lang='lat' dir='ltr'><strong>(vii.</strong></span> <span class='ocrx_word' id='word_1_316' title='bbox 890 3307 1042 3358; x_wconf 76' lang='lat' dir='ltr'><strong>tlt-tto,</strong></span> 
     </span>
     <span class='ocr_line' id='line_1_45' title="bbox 181 3364 1041 3427; baseline 0.012 -24"><span class='ocrx_word' id='word_1_317' title='bbox 181 3365 242 3418; x_wconf 42' lang='lat' dir='ltr'><strong>‚tem</strong></span> <span class='ocrx_word' id='word_1_318' title='bbox 255 3374 287 3407; x_wconf 84' lang='lat' dir='ltr'><strong>tr.</strong></span> <span class='ocrx_word' id='word_1_319' title='bbox 300 3365 435 3411; x_wconf 85' lang='grc'><strong>57.-181.</strong></span> <span class='ocrx_word' id='word_1_320' title='bbox 451 3364 586 3427; x_wconf 65' lang='lat' dir='ltr'><strong>Fonticque</strong></span> <span class='ocrx_word' id='word_1_321' title='bbox 599 3368 633 3427; x_wconf 80' lang='lat' dir='ltr'><strong>by</strong></span> <span class='ocrx_word' id='word_1_322' title='bbox 649 3367 691 3415; x_wconf 89' lang='lat' dir='ltr'><strong>the</strong></span> <span class='ocrx_word' id='word_1_323' title='bbox 708 3368 877 3415; x_wconf 74' lang='lat' dir='ltr'><strong>ursis-189.</strong></span> <span class='ocrx_word' id='word_1_324' title='bbox 894 3365 1041 3415; x_wconf 72' lang='lat' dir='ltr'><strong>Nms--m</strong></span> 
     </span>
     <span class='ocr_line' id='line_1_46' title="bbox 112 3407 1041 3502; baseline 0.024 -51"><span class='ocrx_word' id='word_1_325' title='bbox 112 3407 366 3502; x_wconf 49' lang='lat' dir='ltr'><strong>Itanon-197.</strong></span> <span class='ocrx_word' id='word_1_326' title='bbox 391 3422 438 3469; x_wconf 85' lang='lat' dir='ltr'><strong>Per</strong></span> <span class='ocrx_word' id='word_1_327' title='bbox 458 3422 564 3481; x_wconf 78' lang='lat' dir='ltr'><strong>Terram,</strong></span> <span class='ocrx_word' id='word_1_328' title='bbox 581 3425 613 3473; x_wconf 82' lang='lat' dir='ltr'><strong>vi.</strong></span> <span class='ocrx_word' id='word_1_329' title='bbox 631 3428 783 3474; x_wconf 60' lang='lat' dir='ltr'><strong>eeu-198.</strong></span> <span class='ocrx_word' id='word_1_330' title='bbox 808 3424 926 3482; x_wconf 72' lang='lat' dir='ltr'><strong>Latonae,</strong></span> <span class='ocrx_word' id='word_1_331' title='bbox 950 3426 969 3476; x_wconf 83' lang='lat' dir='ltr'><strong>i.</strong></span> <span class='ocrx_word' id='word_1_332' title='bbox 988 3424 1041 3473; x_wconf 67' lang='lat'><strong>602</strong></span> 
     </span>
     <span class='ocr_line' id='line_1_47' title="bbox 128 3475 1030 3544; baseline 0.017 -22"><span class='ocrx_word' id='word_1_333' title='bbox 128 3475 261 3522; x_wconf 60' lang='grc' dir='ltr'><strong>51114111ινιι.</strong></span> <span class='ocrx_word' id='word_1_334' title='bbox 275 3477 426 3527; x_wconf 71' lang='lat' dir='ltr'><strong>teu-199.</strong></span> <span class='ocrx_word' id='word_1_335' title='bbox 451 3479 511 3539; x_wconf 76' lang='lat' dir='ltr'><strong>Vini,</strong></span> <span class='ocrx_word' id='word_1_336' title='bbox 525 3483 584 3542; x_wconf 78' lang='lat' dir='ltr'><strong>dac,</strong></span> <span class='ocrx_word' id='word_1_337' title='bbox 598 3484 649 3533; x_wconf 87' lang='lat' dir='ltr'><strong>viii.</strong></span> <span class='ocrx_word' id='word_1_338' title='bbox 660 3488 714 3535; x_wconf 72' lang='lat'><strong>526.</strong></span> <span class='ocrx_word' id='word_1_339' title='bbox 745 3484 951 3544; x_wconf 55' lang='lat' dir='ltr'><strong>Dumium</strong></span> <span class='ocrx_word' id='word_1_340' title='bbox 1023 3484 1030 3493; x_wconf 77' lang='grc'><strong>“</strong></span> 
     </span>
    </p>
   </div>
   <div class='ocr_carea' id='block_1_4' title="bbox 0 53 1126 3826">
    <p class='ocr_par' dir='ltr' id='par_1_26' title="bbox 0 53 1126 3826">
     <span class='ocr_line' id='line_1_48' title="bbox 0 53 1126 3826; baseline 0 2"><span class='ocrx_word' id='word_1_341' title='bbox 0 53 1126 3826; x_wconf 95' lang='lat' dir='ltr'><strong> </strong></span> 
     </span>
    </p>
   </div>
  </div>
 </body>
</html>
