2320 3744
528 236 622 280 araas
642 238 673 280 rr.
1021 220 1064 282 et·

206 364 259 425 Qui
279 382 315 419 ne
326 364 453 436 frequens
464 366 556 423 herbis
567 375 595 421 et
605 367 701 421 fertilis
712 367 796 421 ubere
808 384 921 439 campus
927 384 937 440 3
1010 375 1060 426 180

206 383 322 495 audem
334 452 417 506 saepe
429 438 605 491 aeramentis
616 437 737 490 convalle
750 438 869 492 solemus

207 504 443 575 Deaprcere-huc
454 508 570 561 summis
581 507 722 576 liquuntur·
731 506 839 577 rupibus
850 522 953 579 amnes,

187 606 192 615 ·
207 573 382 644 Felicemque
395 575 502 629 trahunt
514 576 747 646 limum-quique
759 577 847 630 editus
859 581 964 649 Austro,

210 643 243 696 Et
263 642 365 697 filicem
377 645 467 698 curvis
477 646 592 698 inrisam
604 647 690 715 pascit
701 647 813 716 aratris3

207 712 258 766 llic
268 711 317 767 tibi
329 713 499 783 praevalidas
507 714 573 767 olim
584 715 723 784 multoque
734 716 845 770 fluentis
1009 721 1059 772 100

207 781 329 835 Sufficiet
341 781 447 835 Baccho
458 784 536 836 vitis:
555 783 599 836 hic
610 783 705 837 fertilis
717 800 793 855 urae,

206 852 259 904 llio
271 851 366 922 laticis,
378 851 487 922 qualem
499 853 597 923 pateris
608 853 725 907 libamus
737 860 764 906 ct
776 870 848 928 auro,

206 920 314 975 Inflavit
326 938 389 974 cum
404 922 512 991 pinguis
523 920 590 976 ebur
601 922 756 992 Tyrrhenus
767 923 802 976 ed
814 939 883 996 eras,

206 990 343 1044 Lancibus
353 999 381 1044 et
392 992 489 1061 pandis
500 991 632 1047 fumantia
644 992 782 1046 reddimus
794 1003 865 1047 exta.

206 1059 251 1113 sin
263 1068 386 1113 armenta
398 1061 485 1130 magis
497 1061 615 1114 studium
628 1060 778 1133 vitulosque
790 1063 867 1135 tueri,
1005 1068 1056 1119 105

206 1130 263 1183 Aut
275 1129 347 1182 letus
358 1130 458 1201 ovium,
471 1138 518 1184 aut
529 1131 631 1187 urentis
642 1131 714 1184 culta
725 1131 844 1202 capellas
849 1148 858 1204 3

206 1198 295 1252 Saltus
306 1207 334 1251 et
346 1201 428 1253 saturi
441 1200 524 1270 petito
536 1200 678 1271 longinqua
689 1201 805 1271 Tarenti,

207 1268 244 1322 Et·
255 1269 363 1338 qualem
377 1269 469 1322 infelix
481 1269 572 1322 amisit
584 1271 698 1323 Mantua
710 1287 847 1340 campum,

205 1338 367 1392 Pascentem
379 1338 471 1392 niveos
483 1338 596 1392 herboso
607 1339 719 1392 flumine
731 1355 848 1408 cygnos:

206 1407 268 1461 Non
280 1407 374 1478 liquidi
386 1409 513 1478 gregibus
525 1409 619 1479 sontes,
633 1425 685 1461 non
696 1407 819 1478 gramina
830 1407 959 1480 tieemnt3
1006 1414 1058 1463 200

206 1476 251 1547 Et,
263 1484 395 1547 quantum
407 1478 492 1547 longis
503 1487 614 1548 carpent
625 1486 748 1531 armenta
759 1477 865 1550 diebus,

207 1546 315 1615 Exigua
326 1555 431 1600 tantum
442 1547 548 1616 gelidus
560 1564 603 1600 ros
614 1555 692 1601 nocte
704 1555 821 1617 reponet.

189 1648 194 1653 ι
205 1615 289 1683 Nigra
301 1616 357 1669 iere
369 1624 397 1668 et
409 1620 500 1688 presso
511 1616 619 1688 pinguis
630 1617 680 1672 sub
691 1630 800 1670 vomere
813 1624 889 1686 terra,

207 1684 243 1738 Et
254 1686 299 1739 cui
311 1694 389 1756 putre
402 1687 586 1740 solum-nam
607 1702 641 1739 ue
653 1685 704 1740 hoc
716 1686 853 1741 imitamur
864 1686 999 1742 arande-

249 1755 315 1808 tima
327 1755 481 1808 frumentis·
500 1771 552 1808 non
566 1703 619 1808 ullo
632 1772 667 1809 ex
677 1772 793 1825 aequore
806 1773 901 1809 cernes
1006 1760 1057 1811 205

206 1824 287 1878 Pura
299 1823 412 1878 domum
424 1795 506 1878 tardis
516 1824 650 1878 decedere
662 1825 780 1897 plaustra
790 1824 912 1896 juvencis
919 1843 928 1897 3

206 1895 263 1948 Aut
276 1893 348 1946 unde
360 1893 443 1947 iratus
458 1894 553 1948 silvam
565 1894 675 1948 devexit
686 1905 778 1964 arator,

206 1963 242 2017 Et
255 1978 365 2016 nemora
376 1964 472 2016 euertit
483 1964 583 2017 multos
595 1964 691 2033 ignava
702 1981 751 2034 per
761 1980 852 2032 annos,

206 2033 395 2102 Antiquasque
408 2032 502 2086 domos
512 2034 605 2087 avium
618 2049 681 2086 cum
695 2033 821 2103 stirpibus
832 2033 896 2086 imis

206 2101 299 2155 Emit:
319 2101 379 2154 illae
391 2102 475 2156 altum
488 2103 558 2157 nidis
569 2102 670 2172 petiere
683 2103 783 2156 relictis
789 2119 798 2172 3
1008 2109 1059 2160 21⁰

206 2171 244 2225 At
257 2171 331 2224 rudis
342 2171 438 2225 enituit
451 2172 567 2241 impulso
579 2188 687 2225 vomere
699 2188 821 2242 campus.

205 2240 280 2294 Nam
290 2238 384 2311 jejuna
394 2240 507 2310 quidem
518 2241 611 2295 clivosi
623 2241 714 2310 glarea
727 2242 794 2295 ruris

206 2309 261 2362 vix
272 2310 384 2363 humilis
395 2327 412 2362 a
431 2310 492 2364 ibus
503 2311 590 2364 casias
602 2327 742 2381 roremque
754 2311 886 2365 ministrat
896 2328 905 2384 3

207 2379 244 2433 Et
256 2378 353 2449 tophus
364 2328 460 2433 scaber
471 2389 498 2433 et
510 2382 593 2450 nigris
604 2397 686 2434 exesa
698 2379 835 2452 chelydris

207 2449 288 2502 Creta
301 2458 407 2519 negant,
421 2449 488 2504 alios
498 2466 586 2520 aeque
599 2449 768 2521 serpentibus
780 2465 858 2518 agros
1008 2454 1059 2505 215

207 2517 324 2572 Dulcem
338 2518 407 2572 ferre
418 2519 509 2573 cibum
522 2530 549 2572 et
562 2536 659 2573 curras
669 2519 799 2589 praebere
811 2518 938 2572 latebras.

207 2586 284 2645 Quae
296 2598 406 2642 tenuem
419 2589 527 2642 exhalat
539 2589 666 2643 nebulam
679 2589 821 2668 fumosque
832 2587 955 2659 volucris,

208 2657 245 2710 Et
256 2657 324 2711 bibit
337 2656 478 2711 humorem
490 2666 525 2728 et,
538 2675 601 2712 oum
613 2658 678 2728 vult,
691 2674 726 2711 ex
737 2673 767 2710 se
779 2673 837 2728 ipsa
848 2657 975 2729 remittit3

190 2730 194 2739 ¹
207 2726 340 2796 Quaeque
353 2743 401 2779 suo
414 2744 521 2797 semper
532 2729 623 2781 viridis
634 2742 664 2780 se
675 2726 798 2796 gramine
810 2727 897 2799 vestit,

206 2796 268 2850 Nec
281 2796 373 2848 scabie
384 2803 411 2849 et
423 2797 495 2850 salsa
506 2797 588 2850 laedit
600 2797 719 2864 robigine
731 2796 848 2850 ferrum:
1009 2800 1062 2849 220

207 2865 259 2919 Illa
270 2865 317 2918 tibi
330 2865 409 2919 laetis
421 2866 524 2920 interret
535 2865 635 2920 vitibus
646 2866 733 2919 ulmos
740 2881 748 2934 3

207 2935 259 2988 Illa
270 2936 347 2988 ferax
357 2935 417 2987 oleo
429 2944 486 3005 est3
504 2936 579 2989 illam
590 2935 728 3005 experiere
739 2933 852 2987 colendo

208 3005 244 3058 Et
257 3004 365 3057 facilem
377 3006 468 3074 pecori
480 3014 508 3058 et
521 3006 668 3076 patientem
680 3003 796 3057 vomeris
807 3002 879 3056 unci.

188 3076 193 3085 ”
208 3073 306 3126 Talem
317 3073 396 3127 dives
406 3084 465 3127 arat
476 3076 575 3145 Capua,
589 3082 617 3127 et
628 3074 718 3127 vicina
730 3073 836 3125 Vesevo
1087 3134 1097 3145 ,

208 3143 261 3196 Ora
273 3142 345 3213 jugo,
359 3149 387 3196 et
398 3145 492 3198 vacuis
503 3144 676 3197 Claniuenon
688 3158 793 3212 aequus
804 3139 918 3194 Acerris.
1010 3144 1062 3192 225

244 3213 331 3283 Nunc,
344 3229 396 3282 quo
407 3230 545 3284 quamque
557 3210 637 3266 modo
649 3210 735 3284 possis
746 3226 914 3281 cognoscere,
928 3209 1026 3262 dicam.

166 3356 284 3410 let-eoa
303 3357 417 3407 Another
427 3356 464 3407 sor
472 3354 755 3467 pasturas-2tlil-225.
772 3350 909 3401 Differonoe
925 3353 1037 3401 between
1048 3365 1063 3396 a

134 3417 282 3481 productiva
294 3417 342 3467 and
352 3434 383 3466 au
393 3432 471 3467 unare

490 3417 570 3467 active
582 3412 636 3466 soil.
643 3415 795 3462 -226-258.
813 3411 891 3460 Rules
901 3425 942 3459 are
952 3409 1026 3470 given
1037 3414 1063 3455 to

134 3477 289 3541 diutiugnialr
299 3477 367 3528 soils.
419 3538 425 3543 ι
714 3492 716 3497 >
1056 3482 1061 3493 ·
