2320 3744
504 214 598 259 meas
616 217 661 261 rii.
816 220 818 224 ·
1002 199 1044 263 ω

225 345 333 401 luteres
344 345 483 417 Dryadum
495 344 580 399 silves
590 344 729 414 saltusque
740 358 887 414 sequemet·
1008 345 1043 399 40

193 416 318 487 Iunctos,
331 424 385 482 tua,
398 416 552 485 Maecenas,
564 415 637 468 hand
649 410 740 468 mollis
750 412 833 483 jussa.

192 485 233 537 Te
245 485 303 538 siue
315 485 352 538 nil
365 484 449 537 altum
463 500 541 539 mens
552 484 668 539 inchoat.
705 484 747 537 En
757 499 816 550 age,
828 482 920 551 segnis

192 554 298 624 Rumpe
311 569 415 622 moras3
433 561 509 606 vocet
522 553 622 621 ingenti
634 552 751 606 clamore
763 551 911 621 Cithaeron,

192 622 362 693 Taygetique
373 640 461 692 canes,
474 622 652 691 domitrixque
665 620 817 691 Epidaurus
827 637 965 693 equorum,

193 691 227 745 Et
239 708 292 746 vox
302 708 415 746 assensu
426 707 565 745 nemorum
578 690 741 759 ingeminato
752 690 875 758 remugit.
1008 695 1043 745 to

192 761 260 815 Mox
271 770 362 815 tamen
372 761 490 814 ardentis
500 761 625 828 accingar
635 759 726 812 dicere
737 774 842 829 pugnos
969 762 973 768 '

156 878 163 885 .
193 830 323 900 Caesaris,
336 840 364 883 et
375 846 473 884 nomen
485 829 559 883 lame
570 837 608 882 tot
620 828 689 881 ferre
700 845 749 898 per
758 843 851 898 annos,
917 852 922 859 ·

193 898 301 952 Tithoni
313 900 397 968 prima
409 907 474 969 quot
483 899 562 952 abest
572 898 609 950 ab
620 898 721 967 origine
732 898 839 950 Caesar.

227 967 281 1021 Seu
292 968 361 1037 quis,
372 968 547 1038 Olympiacae
559 968 671 1021 miraeus
682 967 803 1036 praemia
813 966 929 1037 palmes,

193 1035 283 1089 Pascit
295 1053 386 1105 equos,
399 1054 447 1090 seu
459 1038 520 1106 quis
530 1036 605 1090 fortia
614 1035 649 1088 ad
662 1043 749 1089 aratra
758 1034 895 1106 juvencos,

192 1106 307 1175 Corpora
318 1107 462 1176 praecipue
473 1114 590 1159 matrum
602 1105 682 1173 legat
718 1105 826 1173 Optime
836 1113 927 1158 torreo

193 1173 292 1228 Forma
303 1175 386 1245 boris,
398 1176 441 1228 cui
452 1180 530 1245 turpe
541 1182 630 1244 ceput,
644 1173 689 1227 cei
700 1172 815 1243 plurima
825 1174 924 1244 cervix,

193 1243 229 1297 Et
239 1259 349 1297 crurum
360 1253 439 1297 tenos
448 1260 466 1296 e
477 1252 568 1297 mento
579 1243 696 1313 palearia
708 1242 840 1312 pendent3

193 1312 265 1365 Tum
277 1312 354 1381 longo
365 1313 453 1366 nullus
464 1312 540 1365 lateri
552 1311 648 1366 modus
655 1327 663 1380 3
680 1311 771 1364 omnia
781 1327 888 1380 magna,

194 1382 246 1434 Pes
258 1382 349 1450 etism,
362 1390 390 1434 et
401 1381 520 1435 camuris
528 1380 615 1434 hirtae
627 1381 678 1434 sub
690 1379 815 1434 comibus
826 1392 914 1433 cures.

192 1450 253 1503 Nec
264 1450 334 1503 mihi
346 1451 486 1521 displiceat
497 1449 612 1519 maculis
623 1449 735 1517 insignis
745 1457 773 1502 et
784 1447 862 1517 albo5

193 1522 248 1573 Aut
258 1518 324 1588 juge
335 1519 494 1588 detractans,
506 1520 695 1587 interdumque
706 1535 738 1572 as
773 1535 803 1571 rc
812 1534 904 1590 cornu,

193 1589 228 1642 Et
240 1588 340 1643 faciem
351 1597 427 1642 tauro
438 1589 550 1659 propior,
563 1604 687 1658 quaeque
697 1605 728 1641 er
746 1604 782 1641 ua
793 1595 856 1658 tete,

193 1658 228 1710 Et
240 1656 366 1726 gradiem
378 1659 434 1711 ime
445 1658 526 1712 verrit
538 1657 650 1726 vestigia
660 1657 756 1710 sanda.
768 1690 771 1701 ι

193 1728 278 1779 Aetas
291 1726 420 1780 Lucinam
430 1726 569 1797 justosque
581 1725 635 1795 pati
647 1725 813 1796 hymenaeon

194 1794 300 1848 Desinit
311 1804 375 1848 cute
386 1796 483 1849 decem
505 1804 564 1866 post
576 1804 689 1864 quotuor
700 1795 794 1865 incipit
805 1811 905 1864 anuos3

194 1864 292 1916 Cetera
303 1881 355 1917 nec
367 1864 471 1917 feturae
520 1864 588 1931 hilis,
601 1881 652 1918 nee
663 1864 738 1917 sortis
749 1865 851 1918 eretria.

193 1932 308 2002 Interea,
322 1942 430 2002 superat
440 1933 568 2002 gregibus
578 1932 645 1988 dum
656 1934 727 1986 laets
737 1934 869 2004 juventas,

194 2000 273 2054 Solve
284 2019 375 2055 mares
382 2019 390 2071 5
408 2005 484 2056 mitte
496 2002 524 2056 iu
535 2001 668 2056 Venerem
680 2001 807 2072 pecuaria
838 2002 928 2072 rimus,

193 2073 283 2139 Atque
295 2070 379 2124 aliam
389 2086 424 2125 ex
435 2071 490 2124 elie
500 2071 652 2139 generando
663 2072 759 2124 suffice
770 2088 801 2141 pr
828 2087 883 2123 em.

194 2140 303 2208 Optima
313 2156 438 2209 quaeque
449 2140 509 2194 dies
519 2139 626 2193 miseris
636 2141 793 2194 mortalibus
804 2140 865 2192 aevi

194 2207 287 2261 Prima
297 2208 381 2276 lugit3
400 2208 517 2263 subeunt
527 2208 613 2262 morbi
625 2210 758 2280 tristisque
770 2217 912 2278 senectus3

195 2277 231 2330 Et
242 2276 318 2330 labor
328 2286 357 2330 et
367 2276 450 2330 durna
462 2279 531 2348 rupit
543 2278 714 2332 inclementis
726 2278 826 2332 mortis.
887 2339 890 2345 ¹

195 2345 308 2415 Semper
319 2336 403 2416 erudt,
415 2364 529 2416 quarum
543 2350 639 2401 mutari
649 2364 757 2417 corpora
768 2346 861 2400 malie:

195 2414 308 2484 Semper
318 2415 391 2468 euim
406 2417 502 2486 refice3
519 2432 560 2482 ac,
573 2434 607 2471 ne
619 2427 679 2486 post
691 2417 790 2469 amisse
802 2415 927 2484 requires,

194 2484 339 2554 Anteveni,
352 2493 379 2539 et
391 2485 513 2538 subolem
524 2486 645 2539 armento
657 2486 749 2538 sortire
761 2483 912 2553 quotannis.

230 2553 291 2606 Nee
302 2570 354 2606 non
366 2561 394 2606 et
405 2555 495 2623 pecori
505 2563 547 2608 eet
559 2554 632 2608 idem
643 2554 766 2607 delectus
776 2555 884 2621 equino.

194 2620 238 2674 'l'u
249 2623 339 2691 modo,
352 2639 420 2691 quoe
430 2623 458 2676 in
469 2639 549 2692 spem
559 2631 662 2692 statues
673 2622 832 2676 submittere
844 2621 941 2690 gentis,

194 2690 374 2760 Praecipuum
384 2691 443 2760 jam
452 2692 515 2745 inde
526 2708 544 2744 a
556 2692 654 2745 teneris
664 2690 794 2761 impende
804 2690 934 2745 laborem.

197 2759 327 2812 connum
339 2760 444 2830 pecoris
454 2760 576 2829 generosi
587 2761 677 2830 pullus
687 2763 715 2814 in
724 2760 798 2814 arvis

196 2828 285 2881 Altius
296 2828 449 2898 ingreditur,
463 2837 491 2882 et
501 2829 593 2882 mollia
604 2847 682 2883 crura
693 2831 795 2899 reponit

196 2897 304 2950 Primus
314 2908 344 2950 et
355 2899 394 2951 ire
406 2898 487 2968 vem,
499 2906 527 2951 et
538 2899 633 2952 fluvios
644 2907 747 2952 tentare
758 2898 881 2952 mineees

196 2967 296 3035 Audet,
309 2974 338 3020 et
351 2966 356 2977 '
394 2975 438 3019 oto
449 2983 511 3020 sese
522 2968 691 3021 committere
703 2967 792 3036 ponti5

195 3036 256 3089 Nec
268 3051 352 3088 venos
382 3044 452 3089 orret
462 3037 598 3104 strepitus.
632 3036 673 3090 llli
685 3037 769 3089 ardua
780 3035 878 3105 cervix,

168 3114 172 3119 ’
195 3107 386 3174 Argutumque
397 3114 486 3174 caput,
499 3104 589 3158 brevis
599 3105 684 3174 alvus,
696 3106 832 3174 obesaque
844 3113 935 3174 tergc3
1012 3109 1049 3160 80

195 3173 380 3243 Luxuriatque
393 3175 456 3226 toris
466 3174 618 3228 animosum
629 3184 732 3245 pectus.
768 3174 880 3227 Honesti

152 3330 240 3378 to-re.
255 3327 307 3397 But
317 3327 380 3383 first,
393 3326 426 3376 he
434 3326 534 3375 informs
543 3327 675 3377 Maecenas
685 3328 738 3377 thet
748 3328 780 3376 he
791 3327 842 3396 will
851 3327 915 3386 deel,
925 3339 950 3377 ct
960 3326 1000 3378 lris
1010 3344 1047 3378 re·

120 3397 221 3498 mii.
229 3387 293 3438 mtb
309 3385 378 3437 runt
395 3385 648 3437 them-4945&
665 3387 721 3482 ‘l'he
739 3386 857 3448 brodon
872 3387 902 3436 cl
917 3402 983 3437 caen
999 3387 1047 3436 and
