2242 3826
486 242 648 291 mimos,

170 378 315 449 inspoliata
326 377 412 432 feram
425 375 535 447 tumulo,
549 375 704 445 patriaeque
716 373 862 443 reponam!

171 449 244 503 Dixit
251 465 260 518 3
277 457 305 501 at
318 447 362 501 illa
374 447 442 500 levis
453 446 521 499 coeli
532 445 644 514 delapsa
656 460 704 514 per
714 459 794 496 auras
970 446 1016 497 595

170 514 299 587 insonuit,
312 519 386 586 nigro
398 514 563 569 circumdata
575 512 680 566 turbine
693 529 796 581 corpus.

205 589 242 640 At
253 602 351 641 marrus
363 587 464 638 interea
475 585 559 637 muris
570 582 685 652 Trojana
697 581 857 652 propinquat

171 655 331 735 Etruscique
343 655 427 708 duces
438 654 614 722 equitumque
626 652 760 703 exercitus
771 651 867 720 omnis,

170 724 318 793 Composrti
329 739 439 777 numero
451 723 479 775 in
491 733 600 776 turmas.
636 719 738 773 Fremit
749 736 865 789 aequore
876 726 931 772 totu

170 793 305 847 insultans
316 794 423 862 sonipes
444 799 471 843 et
483 791 581 861 pressis
592 797 693 858 pugnat
705 788 827 857 habenis,
968 793 1015 841 600

171 861 232 915 Huc
243 862 372 916 obversus
384 869 411 914 et
423 831 477 913 lruc
484 876 492 929 ς
511 869 567 913 turn
580 859 634 913 late
646 856 750 910 ferreus
762 856 848 910 hastis

170 930 265 985 Horret
276 947 347 999 ager,
360 930 503 998 campique
515 929 597 981 armis
607 926 767 980 sublimibus
777 925 882 979 ardent.

169 999 230 1053 Nec
242 1016 293 1053 nou
305 998 450 1067 Messapus
460 1006 551 1051 contra
562 996 718 1066 celeresque
730 995 817 1048 Latini

170 1068 205 1122 Et
216 1085 280 1122 cum
292 1067 371 1122 fratre
384 1067 465 1121 Coras
475 1077 502 1119 et
515 1067 623 1119 viminis
633 1065 677 1118 ala
688 1064 818 1118 Camillae

170 1135 285 1191 Adverri
297 1153 393 1207 campo
404 1144 541 1205 apparent,
553 1110 699 1205 laetasque
711 1133 830 1186 reductis
966 1136 1016 1186 605

170 1206 335 1260 Protendunt
347 1207 424 1274 longe
438 1206 545 1275 dextris,
559 1214 587 1257 et
599 1203 702 1274 spicula
713 1203 834 1270 mbrant5

170 1274 365 1344 Adventusque
376 1275 463 1327 virum
476 1274 651 1342 fremitusque
665 1272 781 1325 ardescit
792 1286 932 1341 equorum.

169 1345 286 1413 Jamque
298 1344 366 1400 intra
376 1342 477 1414 jactum
491 1343 538 1395 teli
549 1358 705 1412 progressus
716 1350 829 1411 uterque

169 1413 343 1477 Constiterat:
363 1413 450 1465 subito
462 1421 606 1481 erumpunt
618 1411 743 1479 clamore,
756 1409 923 1479 furentisque

169 1481 350 1536 Exhortantur
360 1496 458 1561 equos;
477 1479 591 1534 fundunt
603 1479 684 1533 simul
696 1477 889 1549 undiquetela,
969 1481 1019 1531 610

169 1551 276 1620 Crebra,
289 1551 359 1604 uiris
371 1561 430 1619 rrtu,
443 1549 603 1620 coelumque
614 1548 749 1602 obtexitur
761 1546 865 1601 umbra.

169 1619 299 1673 Continuo
310 1619 431 1673 adversis
442 1619 597 1688 Tyrrhenus
609 1628 637 1670 et
647 1634 710 1670 acer
721 1619 859 1670 Aconteus

169 1687 281 1742 Connixi
291 1688 426 1741 incurrunt
438 1687 530 1756 hastis,
543 1688 676 1758 primique
685 1685 792 1739 ruinam
836 1690 845 1705 '

169 1755 240 1810 Dant
252 1757 339 1810 sonitu
351 1757 460 1826 ingenti,
473 1757 659 1826 perfractaque
670 1753 923 1826 quadrupedantum

170 1824 283 1880 Pectora
293 1825 445 1896 pectoribus
457 1835 597 1896 rumpunt,
615 1840 745 1878 excussus
756 1825 893 1878 Aconteus
970 1827 1024 1876 615

170 1893 304 1948 Fulminis
315 1895 342 1948 in
353 1911 457 1948 morem
468 1904 515 1948 aut
528 1903 657 1947 tormento
669 1892 794 1965 ponderis
805 1892 866 1962 aeti,

170 1962 332 2035 Praecipitat
344 1964 429 2033 louge,
443 1972 470 2017 et
482 1965 565 2016 vitam
578 1962 707 2032 dispergit
719 1963 745 2015 in
758 1978 845 2015 auras

170 2032 314 2103 Extemplo
326 2032 446 2087 turbatae
458 2034 539 2102 acies,
553 2034 676 2102 versique
688 2031 777 2086 Latini

170 2100 304 2170 Rejiciuut
316 2119 424 2172 parmas
435 2111 462 2155 et
474 2118 558 2172 equos
569 2101 603 2154 ad
617 2102 724 2154 moenia
734 2106 851 2153 vertunt.
1073 2164 1079 2171 Ι

171 2170 254 2225 Troes
265 2180 364 2241 aguut3
383 2172 509 2242 princeps
520 2179 622 2224 turmas
633 2169 735 2224 inducit
746 2169 844 2222 Asilas.
972 2173 1031 2222 620
1116 2228 1117 2235 ἵ

169 2239 285 2308 Jamque
297 2241 507 2309 propinquabant
519 2239 606 2310 portis,
620 2255 764 2310 rursusque
774 2238 879 2292 Latini
1116 2244 1117 2253 ³

169 2306 321 2363 Clamorem
333 2308 435 2378 tollunt,
447 2318 476 2362 et
487 2308 579 2362 mollia
591 2309 660 2362 colla
672 2306 827 2362 reflectunt:

169 2376 204 2431 Hi
216 2377 327 2447 fugiunt,
340 2379 502 2449 penitusque
513 2378 583 2431 datis
594 2377 744 2431 referuntur
754 2376 875 2431 habenis.

170 2446 265 2504 Qualis
275 2448 322 2502 ubi
333 2447 435 2501 alterno
446 2464 602 2518 procurrens
613 2447 716 2517 gurgite
728 2455 826 2517 pontus

169 2516 250 2570 Nunc
263 2516 358 2570 ruituri
371 2525 478 2587 terram,
491 2516 668 2588 scopulosque
680 2533 711 2569 su
748 2513 911 2586 rjaottonrte
974 2518 1034 2568 6²5

170 2584 310 2656 Spumeus,
323 2595 526 2655 extremamque
539 2586 597 2640 sinu
609 2585 705 2656 pertun
725 2586 746 2637 it
757 2599 882 2652 arenam5

169 2653 250 2708 Nunc
262 2656 370 2724 rapidus
382 2665 450 2708 retro
460 2663 541 2723 atque
552 2664 629 2708 aestu
642 2653 761 2708 revoluta
773 2653 913 2708 meroem

170 2722 240 2777 Saxa
251 2723 327 2793 sugit,
340 2724 456 2794 litusque
468 2723 537 2776 vado
549 2724 656 2777 labente
668 2723 802 2794 relinquit.

170 2791 216 2845 Bis
227 2791 308 2846 Tusci
319 2791 431 2847 Rutulos
442 2808 521 2861 egere
534 2794 568 2846 ad
581 2792 688 2846 moenia
698 2808 806 2861 versos3

170 2859 217 2914 Bis
228 2861 321 2933 rejecti
332 2862 414 2916 armis
426 2870 577 2931 respectant
588 2870 662 2931 terga
673 2869 805 2930 tegentes.
897 2860 899 2864 ’
979 2864 1041 2915 630
1116 2908 1117 2911 ,

170 2928 243 2983 Tert'
272 2930 322 2985 sed
333 2940 476 3000 postquam
487 2930 622 3000 congressi
634 2932 660 2984 in
672 2930 855 3001 proeliatores
1116 2928 1117 2945 ³

171 2998 232 3068 Imp
243 2999 333 3053 icuere
344 3001 413 3053 iuter
424 3017 454 3052 se
466 3000 546 3067 acies,
558 2998 678 3069 legitque
691 3000 779 3052 virum
789 2999 845 3051 vir:

171 3067 242 3120 Tum
254 3085 317 3121 vero
328 3078 356 3122 et
366 3068 486 3137 gemitus
497 3069 669 3137 morientum,
682 3079 710 3120 et
721 3068 853 3136 sanguiue
864 3066 893 3120 in
903 3065 965 3119 alto

170 3136 308 3203 Armaque
320 3152 482 3206 corporaque
494 3146 522 3189 et
534 3139 659 3208 permixti
669 3136 755 3190 caede
767 3138 884 3190 virorum

102 3230 1045 3254 Ἥ

107 3320 113 3335 ,
131 3275 183 3322 604.
198 3276 306 3346 Frqtrer
322 3282 364 3330 vii.
380 3284 533 3332 672.-608.
554 3281 659 3346 Uterque
673 3284 901 3333 exereitus-609.
916 3280 1043 3332 Parm-

102 3338 176 3382 ”tuo
207 3333 301 3384 Elrsron
316 3338 399 3388 before
414 3341 686 3391 &hortantum—613.
707 3343 814 3392 Reiorum
827 3345 896 3398 aare,
907 3356 1043 3389 ruere.-

102 3379 341 3499 ἓξὴθηῗᾙέ5.
372 3397 421 3447 See
441 3409 467 3449 at
487 3401 512 3449 ii.
534 3403 662 3451 9.-622.
695 3401 765 3452 05Πο
787 3403 1033 3462 Olim·*‘m
