2242 3826
452 202 615 261 assereus

139 333 194 388 Sub
205 334 330 403 precihus
340 333 420 388 rania
430 333 487 388 ulla
497 332 571 405 latet,
583 342 724 404 totumque
733 335 841 389 morari-

140 403 276 458 Mutarive
289 413 366 474 putas
378 403 489 472 hellam,
503 420 566 473 spes
577 404 666 473 pascis
679 405 782 457 inanis’

48 534 55 545 ,
141 473 176 527 Et
188 473 258 527 luno
269 474 453 529 allacrimans:
474 473 566 541 ‘Quid
580 472 610 540 si,
624 486 694 541 quae
707 490 773 526 voce
783 473 916 544 gravaris,

140 542 237 596 Mente
249 544 335 613 dares,
348 551 429 612 atque
441 541 509 595 haec
521 542 612 595 Turno
623 552 680 594 rata
691 543 746 595 vita
758 543 901 597 maneret‘l

141 613 221 666 Nunc
232 623 324 666 manet
336 612 469 665 insontem
480 612 570 680 gravis
581 611 685 678 exitus,
703 621 748 665 aut
761 629 811 680 ego
824 612 879 665 veri
942 617 992 667 630

141 681 218 734 Vana
230 681 308 735 leror.
343 680 420 739 Quod
434 689 462 733 ut
474 697 490 732 o
502 680 591 750 potius
603 681 745 734 formidine
757 682 827 734 falsa

141 750 237 818 Ludar,
251 760 279 804 et
291 751 317 804 in
329 751 427 803 melius
438 759 491 817 tua,
504 750 552 870 qui
564 758 648 819 putee,
663 766 723 803 urea
735 750 888 805 reflectasl'

141 818 218 872 Haec
229 821 275 874 uhi
288 820 360 873 dicta
371 818 453 888 dedit,
466 835 513 871 coe
525 835 540 869 ο
554 836 583 871 ee
595 827 723 889 protenus
733 819 788 872 alto

141 888 226 954 Misit,
238 907 323 958 agens
334 889 462 957 hiemem,
476 888 567 941 nimbo
580 888 724 958 succincta,
738 906 785 958 per
795 905 882 959 aurae
1040 934 1044 941 .

143 957 307 1027 Iliacamque
319 958 408 1010 aciem
420 967 447 1010 et
459 958 602 1010 Laurentia
614 967 700 1011 castra
712 958 816 1027 petivit.
942 961 994 1012 635

141 1026 212 1080 Tum
224 1026 277 1080 dea
289 1027 360 1080 nube
371 1042 440 1079 cava
451 1035 561 1081 tenuem
574 1027 632 1079 niue
644 1026 746 1081 viribus
756 1029 883 1082 umbrant

122 1158 124 1162 Α
142 1092 284 1150 Insaniam
297 1096 503 1149 Aeneae-risu
515 1096 641 1150 mirabile
654 1107 837 1151 monstrum-

143 1165 282 1219 Dardaniis
293 1174 368 1218 omat
379 1165 449 1234 telis,
461 1165 635 1236 clipeumque
646 1166 778 1236 jubasque

142 1236 231 1289 Divini
241 1234 382 1289 assimulat
394 1234 498 1304 capitis,
511 1235 556 1288 dat
569 1237 657 1289 inania
670 1236 759 1303 uerba,

142 1307 193 1358 Dat
206 1305 264 1358 siue
276 1313 367 1358 mente
380 1309 482 1373 sonum,
494 1320 656 1375 gressusque
668 1304 771 1373 effingit
783 1304 886 1359 sueth:
941 1308 994 1358 ato

141 1373 230 1428 Morte
242 1374 315 1427 obita
327 1372 413 1443 qualis
424 1373 498 1427 lama
510 1384 551 1427 ast
564 1375 672 1428 volitare
683 1374 790 1445 figurae,

141 1445 196 1496 Aut
209 1460 280 1524 quae
292 1445 392 1513 sopitos
403 1442 535 1496 deludunt
546 1445 649 1497 somnia
660 1460 765 1497 sensus.

142 1514 181 1566 At
192 1529 293 1581 primas
304 1512 376 1566 laeta
387 1522 450 1565 ante
461 1512 535 1566 acies
546 1513 662 1566 exsultat
673 1513 770 1583 imago,

142 1581 283 1651 Irritatqua
295 1582 382 1635 virum
394 1581 456 1635 telis
467 1590 495 1634 et
506 1598 574 1634 voce
586 1583 702 1636 lacessit.

142 1651 226 1703 lustat
238 1652 284 1704 cui
293 1651 405 1720 Turnus,
418 1650 629 1720 stridentemque
646 1651 754 1705 eminus
765 1652 871 1705 hastam
942 1655 997 1705 645

43 1762 56 1785 ,
142 1718 269 1790 Oonjici13
288 1719 334 1773 illa
345 1720 409 1772 datu
419 1721 500 1774 vertit
513 1721 625 1789 vestigia
636 1728 721 1789 tergo.

142 1788 214 1842 Turn
225 1805 289 1842 vero
301 1791 413 1843 Aenean
424 1806 550 1843 aversum
563 1799 591 1843 ut
603 1791 702 1843 cedere
713 1788 820 1842 Turnus

142 1858 269 1930 Credidit,
281 1869 362 1929 atque
374 1856 465 1912 auimo
477 1874 553 1930 spem
567 1859 688 1914 turbidus
700 1858 787 1913 hausit
799 1858 923 1912 umam:

145 1927 219 1986 ‘Qun
230 1927 311 1998 fugis,
325 1929 439 1983 Aeneal
457 1928 590 1982 thalamus
602 1946 637 1982 ne
647 1929 745 1982 desere
755 1937 864 1998 pactas,

143 1996 202 2050 llac
213 1998 320 2051 dabitur
331 1997 425 2051 dextra
436 1998 517 2051 tellus
527 1999 650 2068 quaesita
662 2015 710 2069 per
720 1998 824 2052 undas'
943 2000 997 2051 650

143 2066 220 2120 Talia
233 2067 522 2137 uociferanesequitur,
536 2069 712 2138 strictumque
724 2073 847 2121 conuscat

143 2134 320 2205 Macronem,
338 2153 389 2189 nec
401 2136 470 2189 ferre
482 2137 556 2191 ridet
569 2152 618 2191 sua
629 2138 727 2206 gaudia
738 2145 842 2191 ventos.
894 2168 896 2172 >

143 2204 223 2258 Ferte
235 2206 299 2258 ratis
310 2205 377 2259 celsi
389 2207 531 2275 cunjuncta
541 2208 679 2276 crepidine
691 2207 751 2260 saxi

144 2273 280 2344 Expositis
292 2276 379 2329 stabat
392 2276 473 2329 sual-is
485 2285 513 2329 et
524 2286 605 2346 ponte
617 2285 716 2346 parato,

142 2343 203 2401 Qua
215 2361 262 2397 rex
274 2344 390 2398 Clusinis
400 2344 531 2398 advectus
542 2346 650 2400 Osinius
661 2346 721 2398 orie.

142 2413 203 2467 Huc
214 2429 276 2468 sese
287 2415 392 2484 trepida
403 2418 515 2468 Aeneae
526 2415 653 2484 fugientis
664 2416 753 2484 imago

73 2506 75 2509 ·
143 2482 255 2553 Conjicit
268 2484 294 2537 in
307 2484 424 2538 latebras
432 2499 440 2553 ;
457 2500 509 2538 nec
519 2484 628 2538 Turnus
637 2486 742 2555 segnior
753 2485 841 2554 instat,

142 2552 347 2624 Exsuperatque
358 2568 454 2622 moras,
468 2563 496 2607 et
507 2555 594 2624 pontis
606 2552 718 2608 transilit
729 2553 805 2606 altos

142 2620 194 2674 Vix
203 2638 311 2743 proram
323 2623 460 2691 attigerat:
481 2624 580 2692 rumpit
592 2624 717 2677 Saturnia
726 2623 827 2693 lunam,

141 2692 202 2745 Avo
213 2708 325 2761 samque
337 2691 406 2813 rapit
417 2691 538 2746 revoluta
548 2709 596 2762 per
607 2708 726 2762 aequora
736 2706 845 2745 navam.
942 2696 995 2746 66⁰

144 2759 217 2814 Tum
228 2759 296 2814 levis
307 2760 361 2814 hau
391 2761 460 2814 ultra
472 2761 587 2816 latebrae
597 2762 653 2832 hm
665 2761 770 2832 quaerit
782 2761 880 2830 imago,

141 2827 195 2882 Sed
206 2828 322 2885 sublime
333 2829 427 2883 valens
437 2831 502 2887 nubi
515 2846 545 2884 se
556 2831 703 2885 immiscuit
714 2839 797 2883 atrae.

141 2896 223 2952 Illum
233 2906 327 2953 autem
340 2902 447 2953 Aeneas
457 2900 599 2955 absentem
611 2901 638 2954 in
649 2900 750 2971 proelia
762 2898 865 2969 poscit3

140 2967 227 3021 Obvia
238 2969 422 3022 multavimus
433 2968 551 3023 demittit
562 2984 672 3039 corpora
682 2968 762 3023 murti}
767 2986 775 3038 3

140 3036 211 3091 Cum
222 3038 342 3092 Turnum
355 3038 446 3092 medio
458 3038 558 3092 interea
569 3039 620 3092 lert
632 3054 748 3110 aequora
759 3037 845 3092 turbo.
941 3042 992 3093 dat

69 3132 990 3162 mm

99 3193 153 3238 628.
170 3192 226 3240 'l'he
242 3194 336 3254 ellipsis
352 3213 435 3245 seems
450 3207 478 3246 to
492 3200 522 3246 be
539 3201 597 3259 qaid
607 3208 658 3249 taur
674 3213 791 3260 magnum
806 3208 884 3255 esset,
896 3206 930 3256 er,
943 3197 989 3249 &a

69 3250 159 3293 *sillo-
181 3249 251 3299 Vana
266 3256 326 3310 ueri,
343 3267 428 3315 empty
438 3256 467 3304 of
479 3258 553 3313 truth,
571 3257 791 3306 destined-644.
812 3255 907 3307 Virum.
925 3257 995 3307 'rue

69 3309 228 3367 ''me-⁶⁵⁴·
244 3309 330 3359 Pente.
362 3313 410 3361 See
418 3324 444 3363 at
452 3318 601 3365 auu-655.
618 3316 721 3365 Osinius
732 3331 814 3366 seems
823 3326 849 3365 to
857 3316 921 3366 hare
929 3318 991 3367 bees

68 3366 915 3494 instaurentur,{trellintttlttttnelt
933 3386 989 3489 ²¹¹,
