2242 3826
397 112 406 131 ’
468 152 629 220 ‚uerae
891 144 894 150 ’
960 140 1020 199 ³³⁸

93 340 102 357 „
167 282 220 338 Ora
231 281 325 353 modia,
338 279 525 349 Anohieiaden
537 279 665 351 pallentia
676 280 758 355 mitia,

113 350 117 355 ’
168 352 304 422 Ingemuit
317 353 447 406 miserane'
458 351 580 419 graviter,
593 350 769 422 dextramque
781 351 902 424 tetendit,

168 424 204 477 Et
216 432 337 476 mentem
348 422 451 491 patriae
465 419 544 473 subiit
557 421 664 488 pietatis
675 420 711 473 im
748 439 773 475 o.

169 492 255 552 ‘Quid
269 491 317 544 tibi
329 508 407 560 nuno,
421 489 573 545 miserande
587 505 659 569 puer,
673 507 720 559 pro
742 491 858 545 audibue
868 484 935 564 istiu
964 496 1017 549 825

166 560 238 621 Quid
252 561 312 631 pius
323 564 431 614 Aeneae
444 569 519 612 tanta
530 558 605 613 dabit
619 559 706 612 indole
719 560 852 630 dignuml

167 634 259 698 Arma,
272 628 371 701 quibua
383 630 505 696 laetatus,
520 627 590 681 habe
603 638 665 698 ωας
684 641 764 701 teque
777 641 920 702 parentum

167 698 298 753 Manibus
308 708 336 752 et
348 698 440 768 cineri,
453 698 475 751 ei
488 714 542 767 qua
554 706 595 750 est
607 715 641 750 ea
652 715 725 767 cura,
738 699 855 754 remitto.

166 769 224 823 Hoo
235 778 326 822 tamen
337 767 429 822 infelix
440 767 568 820 miseram
580 766 701 821 solabere
713 776 841 824 mortem:

166 841 278 892 Aeneae
291 837 380 906 magni
392 837 487 891 dextra
498 835 590 889 cadis.²
627 836 749 908 Increpat
761 839 830 892 ultro
963 844 1017 896 888

166 906 323 962 Cunctantie
334 907 427 976 socios,
441 914 468 959 et
481 915 549 958 terra
561 905 683 960 sublevat
695 906 791 976 ipsum,

95 1022 100 1039 .
165 976 301 1045 Sanguine
313 984 464 1045 turpantem
472 983 597 1054 comptos
608 974 643 1027 de
655 993 729 1030 more
741 977 858 1047 capillos.

201 1047 307 1099 Interea
318 1046 420 1112 genitor
432 1043 551 1097 Tiberim
562 1043 596 1096 ad
609 1043 729 1099 fluminis
740 1047 841 1101 undam

165 1115 284 1170 Vulnera
295 1114 413 1168 siccabat
424 1113 550 1184 lymphis,
563 1129 713 1184 corpusque
725 1114 833 1169 levabat

166 1185 275 1238 Arboris
286 1182 397 1236 acclinia
408 1191 510 1246 trunco.
547 1183 640 1236 Prooul
652 1200 732 1236 aerea
743 1185 825 1237 ramis
963 1188 1015 1240 888

164 1251 306 1323 Dependet
317 1252 403 1321 galea,
417 1261 444 1305 et
455 1261 530 1321 prato
540 1252 632 1320 gravia
643 1269 719 1306 arma
730 1254 882 1321 quiescunt.

164 1323 241 1377 Stant
253 1321 316 1374 leoti
328 1322 429 1375 circum
441 1320 554 1391 juvenes
561 1337 568 1389 3
587 1321 645 1391 ipse
656 1338 745 1392 aeger,
757 1321 888 1378 anhelans

165 1390 241 1446 Colla
251 1391 331 1461 soret,
345 1390 421 1444 susus
434 1405 576 1461 propexam
591 1391 617 1443 in
629 1401 736 1460 pectore
749 1390 878 1463 barbam>

163 1461 252 1514 Multa
263 1477 343 1531 super
354 1459 442 1513 Lauso
455 1458 548 1527 rogitat
570 1460 720 1529 multosque
733 1461 850 1532 remittit,
940 1514 943 1521 ,

164 1530 217 1591 Qui
231 1537 363 1598 revocent,
376 1529 529 1598 moestique
541 1498 626 1582 ierant
639 1529 766 1583 mandata
813 1529 902 1585 rentie.
961 1534 1016 1586 eto

165 1603 202 1654 At
214 1599 333 1653 Lausum
342 1598 409 1652 eooii
422 1598 577 1651 exanimem
589 1613 668 1668 super
679 1615 755 1652 arma
778 1599 888 1654 erebant

166 1668 284 1738 Flentes,
297 1668 434 1736 ingentem
445 1676 527 1737 atque
540 1667 641 1736 ingenti
653 1667 764 1721 vulnere
775 1669 887 1724 vietum.

165 1738 283 1806 Agnovit
295 1736 374 1805 longe
385 1735 519 1805 gemitum
530 1752 660 1805 praesaga
670 1736 735 1791 mali
747 1754 832 1792 mene.

166 1807 297 1861 Canitiem
310 1804 395 1859 multo
406 1804 538 1859 deformat
551 1804 668 1876 pulvere,
681 1814 709 1859 et
720 1805 814 1860 ambae

166 1875 210 1930 Ad
222 1875 329 1928 eoelum
340 1873 426 1928 tendit
439 1875 550 1953 palmae,
564 1883 591 1927 et
602 1890 711 1944 oorpore
722 1873 851 1929 inhaeret.
962 1878 1015 1930 848

168 1945 303 1998 ‘Tantane
315 1961 361 1997 me
374 1951 458 1996 tenuit
469 1942 586 2014 vivendi,
599 1951 670 2014 nate,
683 1942 815 2013 voluptas,

165 2013 202 2066 Ut
214 2031 260 2083 pro
272 2031 317 2067 me
331 2011 419 2066 hostili
432 2020 535 2081 paterer
546 2012 692 2066 euooedere
704 2013 823 2082 dextrae,

165 2083 255 2141 Quem
265 2083 367 2151 genui?
402 2081 495 2134 Tuane
507 2080 576 2135 liaeo
586 2081 689 2150 genitor
699 2098 748 2151 per
759 2081 869 2136 vulnera
881 2098 980 2154 servor,

165 2152 255 2205 Morte
267 2159 313 2205 tua
324 2149 438 2205 vivene't
473 2150 541 2218 Heu,
554 2167 625 2204 nuno
636 2152 735 2204 misero
747 2151 814 2205 mihi
826 2151 939 2207 demum

166 2221 285 2275 Exitium
297 2218 406 2274 infelix!
426 2236 500 2273 nuno
510 2219 565 2273 alte
578 2219 674 2273 vulnue
686 2218 828 2284 adantum!
964 2224 1016 2274 etto

165 2289 242 2343 Idem
254 2306 312 2359 ego,
326 2298 396 2356 nate,
410 2297 487 2342 tuum
498 2288 632 2343 maculavi
645 2289 757 2342 erimine
769 2305 877 2360 nornen,

165 2358 263 2413 Pulsus
274 2359 308 2412 ob
319 2357 448 2411 invidiam
461 2357 526 2411 eolio
539 2376 583 2411 soe
604 2356 703 2426 triaque
715 2358 841 2427 paternis.

164 2427 320 2481 Debueram
332 2427 434 2498 patriae
446 2443 547 2497 poenae
595 2428 681 2495 iieque
694 2441 831 2479 meomm:

164 2498 260 2552 Omnis
272 2514 319 2577 per
330 2497 422 2549 mortis
433 2497 554 2549 animam
566 2504 670 2550 sontem
681 2496 740 2564 ipse
752 2493 898 2549 dedissem.

164 2566 245 2621 Nono
254 2582 320 2634 rivo,
332 2582 419 2637 neque
428 2564 518 2618 adhue
527 2564 649 2619 homines
659 2562 803 2632 lucemque
815 2563 944 2635 relinquo.
963 2568 1016 2619 888

165 2635 218 2688 Sed
232 2635 371 2705 linquam)
408 2633 493 2688 Simul
505 2633 556 2688 hoo
568 2633 660 2687 dioene
671 2631 767 2685 attollit
778 2632 806 2685 in
817 2650 930 2702 aegrum

165 2704 201 2759 sa
213 2704 310 2771 femur,
324 2713 359 2771 et,
373 2720 536 2773 quamquam
550 2704 591 2756 vie
601 2703 655 2754 alto
668 2702 776 2756 vulnere
789 2702 883 2770 tardat,

86 2766 95 2781 ’
130 2774 135 2779 ’
164 2772 246 2826 Haud
258 2771 381 2842 dejectus
392 2788 493 2842 equum
506 2771 569 2825 duci
579 2770 664 2840 jubet.
699 2771 757 2824 Hoo
768 2770 854 2825 decue
863 2770 910 2845 itti,

165 2842 225 2895 lloo
236 2841 355 2895 solamen
368 2849 441 2909 erat;
450 2840 537 2894 ‘bellis
548 2840 599 2894 boo
610 2840 694 2893 vietor
705 2839 796 2894 abibat

164 2910 305 2965 Omnibua
341 2909 493 2978 Alloquitur
504 2917 678 2977 moerentem,
692 2918 719 2962 et
732 2907 831 2962 talibue
843 2907 915 2963 infit:
963 2911 1017 2962 888

166 2979 301 3049 ‘Rhoebe,
316 2979 371 3046 diu,
385 2995 428 3030 res
439 2979 462 3030 ei
474 2978 585 3048 quadiu
598 2977 753 3031 mortalibus
764 2975 820 3029 ulla
831 2987 882 3049 eet,

164 3049 297 3102 Vixirnue.
334 3050 390 3101 Aut
401 3045 481 3099 hodie
493 3048 577 3101 viotor
588 3046 672 3116 spolia
683 3046 729 3098 illa
742 3053 853 3099 omenta

164 3118 201 3172 Et
213 3125 294 3188 eaput
306 3119 417 3169 Aeneae
430 3114 537 3186 reseres,
550 3115 684 3184 Lausique
696 3114 818 3168 dolomm

164 3184 243 3240 Ultor
254 3187 308 3240 erie
320 3201 436 3255 meeum,
449 3191 503 3255 aut,
516 3184 601 3255 aperit
613 3184 636 3237 ei
648 3183 723 3237 nulla
734 3184 807 3236 riam
819 3182 870 3255 rie,

79 3286 433 3309 mmm...—

110 3325 177 3379 824.
196 3320 244 3370 See
255 3330 279 3369 at
290 3321 322 3370 ix.
334 3323 387 3370 294.
421 3319 513 3368 Others
523 3317 581 3366 read
591 3318 700 3366 strinxit.
708 3319 798 3364 -832,
808 3314 848 3364 De
856 3332 926 3370 errore.
938 3313 965 3364 in
973 3320 1018 3366 ttr·

47 3418 51 3423 -
72 3396 198 3441 muner
208 3380 237 3428 oi
246 3379 286 3430 hie
297 3391 466 3440 countrymen‚
479 3378 521 3427 the
533 3375 764 3426 utrumne-eea.
781 3374 829 3425 See
840 3374 889 3425 viii.
898 3376 953 3432 tet,
965 3372 1017 3444 &q-

198 3444 232 3494 ³³
529 3440 574 3489 aa
