2282 3790
452 232 616 275 sanutuos.

140 358 281 418 Evandrus
293 362 398 444 pariter,
410 362 509 435 pariter
520 361 635 433 Trojano
645 360 781 433 juventus.
947 365 999 416 515

141 434 203 487 Post
216 432 280 486 hine
292 432 325 487 ad
339 450 414 485 navis
425 434 550 502 graditur,
565 433 703 501 sociosque
718 431 826 501 revisit;
915 492 919 499 ,

141 503 260 563 Quorum
273 503 307 555 de
321 518 431 555 numero
453 502 499 572 qui
511 520 572 554 sese
586 503 611 555 in
624 503 696 555 bella
709 510 864 571 sequantur,

141 571 306 625 Praestantis
319 573 416 624 virtute
440 573 494 641 egit
502 589 510 641 3
528 589 591 642 pars
603 581 694 623 cetera
706 587 789 640 prona

142 639 236 695 Fertur
247 659 326 713 aqua,
340 643 483 711 segnisque
497 641 615 694 secundo
627 638 720 693 defluit
734 638 817 711 amni,
849 644 850 647 ’
917 702 922 711 ·

143 710 245 765 Nuntia
257 722 369 764 ventura
381 711 496 764 Ascanio
510 724 652 779 rerumque
665 711 810 779 patrisque.
950 710 1000 760 555

143 779 246 834 Dantur
258 782 320 850 equi
333 781 445 834 Teucris
457 779 595 851 Tyrrhena
608 779 762 848 petentibus
774 794 838 830 arra
845 793 854 847 3

144 850 250 903 Ducunt
262 859 395 902 exsortem
408 854 526 918 Aeneae,
540 866 622 918 quem
635 847 710 900 fulva
722 847 807 900 leonis

143 918 226 973 Pollis
236 918 292 971 obit
306 928 398 986 totum,
412 917 513 988 praesul
535 935 583 970 ens
595 917 730 985 unguibus
741 917 840 969 aureis.

180 987 265 1040 Fama
277 986 348 1040 volat
360 1004 472 1058 parvam
485 937 574 1040 sulita
587 987 692 1055 volgata
705 1003 752 1056 per
765 986 869 1057 urbem,

102 1058 108 1068 ’
143 1056 225 1110 Ocius
237 1057 275 1109 ire
287 1058 392 1126 equites
403 1055 535 1126 Tyrrheni
547 1056 582 1110 ad
594 1055 671 1109 litora
684 1056 762 1123 regis.
952 1057 1002 1108 555
1053 1057 1056 1065 ’

144 1124 213 1178 Vota
226 1138 299 1186 metu
312 1126 450 1195 duplicant
463 1135 569 1195 matres,
585 1127 747 1196 propiusque
759 1124 860 1194 periclo

145 1195 169 1248 It
181 1196 267 1266 timor,
281 1206 307 1248 et
320 1196 405 1266 major
417 1196 514 1248 Martis
523 1194 580 1265 jam
592 1204 703 1266 apparet
717 1195 816 1262 imago.

145 1265 215 1318 Turn
229 1276 304 1334 pater
317 1265 458 1318 Evandrus
469 1265 592 1318 dextram
604 1264 763 1334 complexus
775 1263 864 1316 euntis

145 1333 254 1404 Haeret,
268 1333 420 1404 inexpletus
432 1334 582 1404 lacrimans,
597 1351 630 1386 ao
643 1335 707 1386 talia
719 1334 806 1386 satur:

149 1404 265 1457 ‘omitti
277 1405 435 1474 praeteritos
448 1403 544 1456 reserat
556 1404 578 1455 si
590 1403 695 1473 Jupiter
706 1419 798 1470 annos,
951 1403 1005 1455 550

146 1473 240 1532 Qualis
252 1491 333 1542 eram,
348 1474 538 1543 cumprimum
551 1473 636 1525 aciem
652 1473 797 1526 Praeneste
809 1468 861 1524 sub
873 1469 934 1543 ipae.
974 1487 977 1491 ·

146 1542 240 1611 Stravi,
254 1555 444 1611 scutorumque
458 1542 564 1595 incendi
576 1543 660 1596 victor
671 1557 790 1609 acervos,

148 1612 183 1665 Et
195 1627 286 1679 regem
301 1611 352 1664 hac
366 1612 468 1664 Erilum
481 1611 575 1665 dextra
587 1611 638 1665 sub
650 1611 761 1663 Tartara
773 1607 843 1681 misi,

146 1681 275 1734 Nascenti
287 1680 331 1734 cui
346 1681 392 1733 tris
404 1682 510 1733 animas
522 1681 635 1734 Feronia
646 1690 769 1732 mater-

147 1749 314 1805 Horrendum
327 1748 556 1823 dictu-dederat,
570 1760 645 1805 terna
656 1767 732 1803 arma
743 1747 878 1803 movenda
883 1763 893 1818 3
952 1751 1007 1802 555

148 1819 201 1875 Ter
213 1819 266 1872 leto
279 1819 438 1873 sternendus
450 1830 524 1889 erat,
542 1819 587 1875 cui
600 1829 656 1873 tum
671 1827 762 1872 tamen
775 1819 862 1873 omnis

148 1888 264 1942 Abstulit
277 1889 346 1943 liaeo
357 1890 462 1942 animas
474 1888 575 1958 dextra,
589 1898 615 1941 et
629 1889 739 1943 totidem
752 1888 826 1942 exuit
837 1886 939 1942 armis:

147 1958 208 2012 Non
221 1975 270 2026 ego
282 1975 353 2011 nunc
365 1958 436 2011 dulci
450 1958 578 2027 amplexu
590 1957 733 2011 divellerer
745 1974 870 2028 usquam,

147 2026 227 2096 Nate,
241 2037 302 2091 tuo;
320 2044 407 2096 neque
420 2028 532 2089 finitimo
545 2028 701 2081 Mezentius
715 2042 845 2096 umquam

148 2095 218 2148 Huic
230 2096 311 2165 capiti
325 2097 455 2150 insultans
468 2106 504 2149 tot
519 2096 588 2149 ferro
601 2114 683 2150 saeva
695 2098 816 2151 dedisset
953 2098 1008 2150 570

148 2164 261 2233 Funera,
276 2177 330 2218 tam
344 2166 437 2221 multis
450 2165 586 2219 viduasset
599 2167 705 2221 civibus
716 2166 821 2221 urbem.

103 2286 107 2291 ,
148 2236 184 2289 At
197 2250 252 2303 vos,
264 2252 280 2286 o
293 2236 389 2303 superi,
403 2247 429 2288 et
442 2236 532 2289 divom
545 2244 573 2289 tu
586 2237 707 2290 maxime
721 2244 805 2289 rector

147 2302 257 2373 Jupiter,
271 2305 387 2374 Arcadii,
401 2322 509 2374 quaeso,
523 2304 689 2359 miserescite
703 2307 780 2375 regis,

148 2373 182 2427 Et
195 2374 294 2442 patrias
305 2375 396 2427 audite
409 2390 518 2442 preces:
538 2374 564 2427 Si
576 2376 686 2429 numina
699 2384 787 2428 vestra

147 2442 314 2497 incolumem
328 2443 449 2497 Pallanta
460 2443 535 2513 mihi,
549 2444 571 2497 si
584 2444 641 2497 fata
653 2451 798 2514 reservant,
954 2446 1009 2498 575

147 2512 174 2566 si
188 2513 292 2566 risurus
304 2531 367 2566 eum
381 2513 440 2566 viro
454 2523 480 2567 et
493 2524 623 2567 venturus
634 2513 662 2567 in
674 2531 767 2582 unutu,

146 2581 237 2639 Vitam
249 2599 310 2650 oro;
328 2583 412 2652 patior
425 2585 549 2652 quemvis
560 2583 656 2636 durare
668 2583 797 2636 laborem.

147 2651 192 2704 Sin
206 2652 325 2721 aliquem
340 2652 481 2704 infandum
493 2669 594 2723 casum,
609 2652 734 2722 Fortuna,
747 2650 867 2721 minaris,

148 2721 237 2792 Nunc,
251 2739 322 2775 nunc
333 2738 349 2774 o
361 2721 440 2774 liceat
453 2722 591 2775 crudelem
603 2722 764 2792 abrumpere
776 2722 871 2790 vitam,

146 2790 219 2847 Dum
231 2808 313 2844 curae
325 2791 478 2860 ambiguae,
491 2791 558 2844 dum
571 2808 633 2861 spes
646 2792 748 2844 ineerta
759 2789 851 2860 futuri,
954 2792 1009 2846 550

147 2859 217 2913 Dum
232 2873 265 2928 te,
279 2877 340 2913 care
352 2877 426 2930 puer,
439 2877 502 2912 mea
514 2861 571 2912 sola
582 2870 610 2913 et
622 2878 683 2913 sera
695 2860 826 2930 voluptas,

147 2931 295 3000 Complerru
309 2939 403 2998 10000,Ι
421 2929 526 2998 gravior
538 2946 592 2983 neu
605 2930 717 2984 nuntius
728 2930 801 2982 auris

110 3035 114 3043 ι
146 2997 291 3053 Volneret)
329 2996 403 3052 Haec
414 2999 518 3066 genitor
529 2998 650 3068 digressa
663 2998 735 3052 dicta
747 3015 874 3121 sugente

146 3068 304 3136 Fundebat3
322 3067 418 3121 famuli
428 3068 576 3137 collapsum
590 3069 617 3121 in
632 3077 704 3121 tecta
717 3068 773 3121 loro
812 3077 850 3120 nt.
865 3078 869 3085 ’

57 3232 62 3239 ,
105 3185 159 3231 ⁵49.
190 3181 307 3249 5000050,
340 3180 387 3229 See
399 3190 423 3228 at
434 3181 639 3251 Vll·.‘¹l⁵···⁵⁵3·
671 3180 865 3251 Aureis,adiss
886 3180 1008 3229 table...
1057 3184 1066 3197 '

76 3242 130 3284 555.
162 3238 254 3303 Lrtora,
288 3239 651 3307 Othersreadlrmma.-556.
681 3236 843 3302 Proprrrsqae
887 3256 909 3288 c.
934 3238 1007 3307 ιΤ119

77 3294 827 3407 terebrareteracturarat-ar·
845 3296 1007 3407 luat*

78 3381 242 3455 292‚lini³32.
273 3390 352 3456 Isos
371 3390 494 3461 Notethc
521 3371 1010 3476 onderreferringtoriiffiliiliereaifft

78 3458 121 3505 rii.
132 3459 178 3503 582
197 3462 274 3509 altam
284 3426 380 3514 follows
390 3468 434 3541 tha
443 3486 492 3531 gen
510 3487 537 3520 er
546 3472 575 3522 of
581 3470 723 3525 Praeneste.
