2320 3744
388 216 393 224 “
470 206 564 249 nutu
583 206 624 248 tv.
656 210 659 215 “

152 333 305 406 Sufficiunt,
316 333 447 405 aulasque
459 343 486 388 et
498 351 577 388 cerea
587 350 669 402 regna
681 333 823 403 refingunt.

152 404 242 474 Saepe
255 405 339 458 etiam
350 404 425 458 duris
436 404 547 459 errando
559 403 586 457 in
599 404 703 457 cotibus
714 403 772 456 alas

154 475 299 544 Attrivere‚
312 474 564 544 ultroque-animam
577 474 627 529 sub
639 472 712 525 fasce
724 472 839 526 dedere:

154 542 259 596 Tantus
270 561 346 597 amor
357 543 453 597 florum
465 551 493 595 et
504 543 648 612 generandi
660 542 743 611 gloria
755 542 851 596 mellis.
957 545 1007 594 205

156 611 227 680 Ergo
240 613 312 682 ipsas
323 614 447 682 quamvis
458 613 564 680 angusti
577 611 706 690 terminus
718 612 779 663 aevi

156 680 403 752 Excipiat-neque
415 684 486 735 enim
499 681 559 750 plus
571 682 687 749 septima
698 680 804 732 ducitur
814 691 939 733 aestas-

156 753 192 804 At
204 768 292 819 genus
304 750 455 805 immortale
467 758 567 820 manet,
580 749 732 818 multosque
745 766 792 818 per
803 767 887 804 annos

156 819 214 873 stat
226 821 332 873 fortuna
342 820 447 890 domus,
460 829 487 873 et
499 820 543 872 avi
556 829 728 873 numerantur
741 835 861 873 avorum.

156 889 308 959 Praeterea,
322 906 414 957 regent
426 907 476 942 non
489 889 529 942 sic
540 891 682 959 Aegyptus
693 897 720 942 et
732 889 827 956 ingens
922 908 928 915 ·
956 895 1008 944 21⁰

156 957 178 1010 L
191 958 252 1025 dia,
265 975 316 1011 nec
327 957 418 1029 populi
431 958 587 1012 Parthorum
600 966 646 1010 aut
659 957 759 1010 Medus
770 956 913 1028 Hydaspes

157 976 316 1082 Ohservant.
352 1029 425 1095 Rege
438 1027 573 1096 incolumi,
586 1045 664 1080 mens
679 1026 803 1081 omnibus
814 1044 868 1082 una
879 1036 937 1101 est3

157 1098 274 1165 Amisso,
290 1114 382 1166 rupere
395 1097 486 1167 fidem,
500 1106 651 1150 constnrcta
670 1113 705 1149 ue
716 1096 800 1150 meua

157 1165 296 1235 Diripuere
309 1167 391 1235 ipsae,
405 1175 432 1219 et
443 1176 530 1220 crates
542 1166 645 1220 solvere
652 1114 787 1219 [istorum.

157 1235 207 1287 llle
219 1253 330 1304 operum
343 1244 441 1304 custos,
455 1235 531 1289 illum
542 1235 713 1304 admirantur,
728 1244 754 1287 et
766 1251 861 1288 omnes
957 1240 1008 1289 21⁵

156 1305 337 1357 Circumstant
349 1305 456 1357 fremitu
473 1306 563 1374 denso,
577 1306 728 1375 stipantque
741 1305 903 1375 frequentes,

157 1374 192 1427 Et
200 1391 280 1443 saepe
288 1373 411 1427 attollunt
424 1375 549 1444 humeris,
563 1383 590 1426 et
602 1391 710 1443 corpora
721 1372 792 1427 bello

156 1436 309 1512 Obiectant²
322 1441 515 1513 pulchramque
528 1452 622 1513 petunt
633 1461 681 1513 per
693 1443 802 1496 vulnera
814 1452 937 1497 mortem.

193 1513 242 1565 llis
254 1513 362 1581 quidam
376 1513 466 1582 signis,
479 1523 561 1582 atque
573 1513 642 1565 haec
654 1513 779 1582 exempla
790 1514 884 1583 secuti,

158 1581 226 1635 Esse
237 1580 335 1650 apibus
346 1594 447 1651 partem
462 1581 569 1635 divinae
581 1582 681 1635 mentis
691 1591 718 1634 et
731 1583 841 1636 haustus
957 1587 1008 1635 220

157 1651 302 1703 Aetherios
313 1651 422 1714 dinere;
439 1651 520 1705 deum
535 1668 652 1720 namque
664 1652 702 1703 ire
715 1669 762 1721 per
773 1652 861 1704 omnis

157 1719 309 1789 ,Terraeque
322 1728 474 1791 tractusque
486 1722 567 1774 maris
579 1720 738 1789 coelumque
751 1720 911 1790 profundum
918 1737 927 1791 3

157 1788 227 1842 Hinc
239 1789 366 1860 pecudes,
378 1798 506 1859 armenta,
519 1791 596 1857 viros,
609 1807 695 1859 genus
706 1808 785 1843 omne
799 1790 924 1861 fetarum,

158 1858 302 1928 Quemque
315 1858 365 1912 sibi
379 1859 468 1912 tenuis
480 1871 635 1912 nascentem
648 1876 783 1912 arcessere
796 1860 881 1929 vitas3

159 1927 266 1980 Scilicet
278 1928 332 1981 huc
344 1928 419 1981 reddi
432 1928 531 1982 deinde
543 1947 576 1982 ac
588 1928 701 1983 resoluta
715 1928 805 1981 referri
956 1932 1007 1982 225

158 1997 264 2066 Omnia,
277 2014 328 2050 nec
340 1999 418 2051 morti
430 2015 491 2051 esse
505 1999 594 2051 locum
602 2015 615 2066 3·
629 1998 675 2051 sed
689 1999 750 2051 viva
762 1997 851 2050 volare

160 2065 260 2119 Sideris
272 2065 453 2120 innumerum
467 2077 547 2137 atque
560 2068 612 2120 alto
625 2068 770 2121 succedere
783 2067 867 2120 caelo.

194 2135 220 2188 Si
233 2135 340 2204 quando
352 2137 444 2190 sedem
457 2147 597 2206 angustam
612 2147 769 2206 servataque
782 2137 864 2190 mella

159 2203 308 2261 Thesauris
319 2206 423 2273 relines,
438 2207 511 2276 prius
524 2207 619 2259 hausto
634 2224 742 2275 sparsus
753 2223 885 2275 uquarum

157 2273 209 2326 Ora
222 2273 291 2340 love,
305 2273 444 2344 fumosque
457 2294 537 2329 mauu
551 2276 695 2345 praetende
707 2276 839 2345 sequacis.
957 2279 1008 2331 23⁰

157 2341 204 2395 Bis
215 2342 340 2410 gravidos
351 2355 448 2412 cogunt
460 2345 538 2412 letus,
551 2345 605 2398 duo
617 2355 736 2414 tempora
748 2345 852 2416 messis,

157 2411 282 2481 Taygete
295 2413 375 2466 simul
387 2430 417 2465 os
429 2415 506 2467 terris
517 2414 632 2466 ostendit
645 2413 787 2468 honestum

157 2480 232 2533 Plias
243 2490 270 2534 et
282 2483 379 2534 Oceani
393 2493 495 2552 spretos
505 2483 575 2553 pede
589 2483 682 2551 repulit
694 2484 790 2551 amnis,

156 2552 213 2603 Aut
225 2549 323 2604 eadem
336 2551 410 2604 sidus
423 2551 526 2620 lugiens
538 2552 584 2606 ubi
597 2553 682 2606 Piscis
694 2551 786 2621 aquosi

156 2618 268 2672 Tristior
280 2620 404 2674 hibernas
416 2622 491 2674 caclo
503 2622 641 2675 descendit
654 2623 680 2676 iu
693 2623 787 2675 undas.
956 2624 1007 2675 2311

156 2688 213 2741 Illis
224 2690 264 2741 ira
275 2689 386 2743 modurn
399 2708 478 2759 supra
490 2700 538 2770 est²
553 2691 696 2761 laesaeque
710 2707 844 2744 venenum

155 2757 296 2814 Morsibus
308 2758 444 2828 inspirant,
457 2769 484 2814 et
497 2761 597 2829 spicula
609 2778 693 2813 caeca
705 2761 857 2829 relinquunt

155 2826 265 2880 Affirtae
279 2829 361 2899 venis,
373 2830 531 2899 animasque
545 2831 570 2882 in
585 2830 692 2882 volnere
704 2838 813 2899 ponunt.

191 2896 235 2949 Sin
248 2896 345 2950 duram
359 2911 464 2951 metues
477 2898 596 2952 hiemem
609 2916 756 2969 parcesque
768 2899 856 2953 futuro

155 2965 359 3035 Contunsosque
370 2967 475 3020 animos
487 2979 514 3020 et
527 2985 568 3020 res
580 2969 742 3022 miserabere
756 2968 861 3038 fractas,
956 2971 1007 3021 240

155 3037 192 3087 At
204 3036 296 3088 suffire
309 3036 410 3106 thymo,
423 3053 553 3107 cerasque
567 3038 684 3090 recidere
697 3037 789 3104 inanis,

154 3103 223 3162 Quis
234 3104 360 3158 dubitet?
378 3124 441 3158 nam
455 3125 536 3176 saepe
549 3107 624 3160 laves
637 3108 740 3175 ignotus
752 3105 844 3159 adedit

155 3173 253 3244 Stellio,
269 3187 297 3227 et
309 3175 436 3243 lucifugis
448 3186 573 3243 congesta
585 3176 683 3229 cubilia
694 3176 791 3245 blattis,

114 3274 226 3340 ard-218.
243 3291 322 3340 Their
332 3292 446 3340 devotion
458 3304 483 3340 to
495 3293 557 3341 their
567 3293 627 3354 king
641 3296 737 3352 [queen]
746 3328 751 3338 .
760 3286 912 3342 -219-227.
929 3291 996 3340 Iuser

84 3365 145 3399 suos
159 3351 243 3400 drawn
260 3353 293 3412 by
304 3366 375 3399 some
390 3351 558 3412 philosophers
570 3352 631 3400 from
642 3352 683 3399 the
695 3362 780 3398 nature
791 3351 819 3398 of
832 3355 897 3399 bees.
906 3355 990 3398 -228

84 3412 138 3459 m
153 3410 217 3459 How
228 3420 254 3459 to
265 3409 372 3470 proceed
382 3411 454 3458 when
464 3411 528 3459 their
539 3412 619 3471 honey
630 3412 651 3460 is
661 3409 765 3458 desired.
774 3438 806 3448 —
813 3413 927 3458 stc-250.
945 3409 993 3457 Pro

84 3469 193 3520 actions
203 3470 300 3533 against
311 3469 407 3519 vermin
417 3469 503 3533 during
514 3471 601 3520 winter
612 3468 807 3520 recommended.
1060 3474 1064 3480 “
