2242 3826
482 158 577 208 truita
594 163 650 205 111.

173 286 281 360 Adiuro
286 287 373 360 Stygii
385 296 466 358 ceput
476 288 650 360 implacabile
659 289 750 361 fontis,

99 360 109 393 ἕ
173 356 233 412 Une
244 358 398 427 superstitio
410 360 514 428 superis
525 376 595 430 quae
608 359 711 413 reddita
721 360 799 414 diris.

173 428 207 481 Et
219 444 293 481 nunc
304 427 372 480 cedo
384 428 510 496 equidem
553 446 690 500 ugnasque
702 447 783 485 exosa
794 429 926 503 relinquo.

171 496 243 551 Illud
256 505 290 565 te,
302 497 377 550 nulla
388 496 437 550 fati
449 468 520 567 quod
532 446 593 577 lege
605 507 718 568 tenetur,

172 566 222 619 Pro
236 566 311 619 Latio
323 567 446 636 obtestor,
460 583 507 636 pro
519 577 660 637 majestate
672 578 796 622 tuorum:
972 576 1025 626 ⁸20

171 636 241 689 Cum
251 635 308 704 jam
320 636 460 689 connubiis
471 653 567 705 pacem
579 636 710 707 felicibus,
724 648 789 708 esto,

97 721 102 731 ¹
170 705 344 775 component,
357 723 421 759 cnm
431 705 488 774 jain
500 706 575 774 leges
587 717 614 759 et
626 707 736 760 foedera
746 706 867 780 jungent,

169 773 217 829 Ne
225 783 305 828 vetus
316 774 457 842 indigenas
467 792 564 828 nomen
578 787 681 830 mutare
694 778 813 849 Latinus,

168 842 232 898 Neu
243 844 326 898 Troes
337 844 396 898 fieri
406 843 503 913 jubeas
515 844 685 916 Teucrosque
697 847 795 916 vocari,

168 915 225 966 Aut
236 929 334 967 rocem
344 922 449 967 mutere
459 915 537 984 viros,
550 927 597 968 aut
610 924 713 969 vertere
726 924 842 970 vestem.
969 920 1021 972 82⁵

169 981 208 1036 sit
218 983 335 1054 Latium,
347 983 400 1037 sint
412 983 511 1037 Albani
522 1001 572 1054 per
582 984 692 1038 saecule
703 1001 790 1055 reges„

97 1084 100 1089 -
168 1051 206 1104 Sit
217 1053 340 1106 Romena
351 1061 447 1122 potens
459 1052 525 1106 itala
538 1054 636 1107 virtute
646 1070 762 1124 propago
768 1071 776 1124 3

167 1121 280 1189 Occidit,
292 1122 476 1191 occideritque
489 1123 561 1175 sines
573 1140 637 1177 curn
648 1125 757 1177 nomine
769 1124 868 1196 Troje.’

167 1190 218 1244 Olli
230 1191 372 1245 subridens
383 1192 523 1245 hominum
535 1209 677 1263 rerumque
689 1202 821 1264 repertor:

169 1261 362 1330 ‘Esgermena
373 1262 447 1315 Jovis
458 1261 618 1332 Saturnique
628 1262 712 1316 altera
723 1262 826 1332 proles:
967 1267 1020 1318 830

166 1330 270 1384 Iramm
282 1339 370 1384 tentos
381 1331 466 1384 rolris
477 1332 528 1384 sub
575 1341 647 1386 ctore
659 1331 774 1386 fluctus!

12 1394 13 1409 ¹
94 1428 97 1435 Α
166 1399 268 1453 Vemm
280 1417 331 1469 age
343 1409 371 1453 et
383 1401 521 1471 inceptum
545 1410 630 1454 rustra
641 1401 768 1456 submitte
781 1401 914 1456 furorem:

165 1468 213 1540 Do,
226 1470 357 1539 quodvis,
372 1477 399 1523 et
411 1487 457 1523 me
468 1471 609 1539 victusque
621 1471 766 1541 volensque
779 1471 896 1526 remitto.

166 1537 322 1593 Sermonem
333 1539 446 1593 Ausonii
457 1540 572 1608 putrium
584 1557 725 1610 moresque
737 1541 873 1611 tenebunt,

165 1606 256 1677 thue
268 1617 317 1678 est,
330 1610 428 1662 nomen
440 1609 489 1661 erit
495 1625 505 1679 3
521 1610 660 1664 commixti
671 1626 781 1679 corpore
792 1619 899 1666 tautum
966 1611 1017 1663 835

166 1674 310 1731 Subsident
322 1678 420 1731 Teucri
427 1696 435 1747 5
452 1696 554 1732 rnorem
567 1680 685 1750 ritusque
697 1697 834 1735 sacrorum

92 1776 96 1787 -
166 1746 311 1817 nunciam,
323 1747 477 1817 faciamque
489 1750 577 1802 omnis
588 1765 641 1801 uno
652 1765 698 1800 ore
711 1749 828 1801 Latinos.

87 1860 90 1865 .
166 1815 237 1869 Hinc
247 1834 334 1885 genus
345 1819 464 1871 Ausonio
476 1819 590 1871 mixtum
601 1817 672 1887 quod
685 1819 815 1885 sanguiue
828 1824 926 1888 surget,

86 1926 92 1939 .
167 1885 251 1955 Supni
263 1885 393 1956 homines,
407 1903 487 1956 supra
497 1887 536 1939 ire
549 1886 614 1939 deos
626 1887 727 1955 pietate
741 1886 852 1957 ridebis,

166 1955 227 2009 Nec
237 1972 305 2024 gens
314 1955 371 2009 ulla
383 1965 442 2009 tuos
453 1973 541 2025 aeque
552 1956 700 2010 celebrabit
712 1955 842 2010 bonores)
966 1957 1018 2008 eto

166 2027 269 2078 Annuit
280 2024 410 2096 bisiuco,
423 2036 451 2079 et
463 2034 583 2078 mentem
594 2025 694 2079 laetate
706 2025 819 2081 retorsit.

166 2093 272 2147 Interea
284 2095 390 2149 excedit
402 2095 484 2163 coelo,
499 2095 652 2164 nubemque
665 2094 798 2165 relinquit.

202 2164 250 2216 His
261 2165 330 2218 actis
340 2164 412 2218 eliud
426 2165 536 2217 Genitor
548 2181 641 2218 seeum
654 2165 711 2235 ipse
724 2166 835 2235 volutat,

165 2232 364 2303 Jurumamque
373 2243 449 2303 parat
462 2234 549 2287 fratris
560 2234 696 2287 dimittere
707 2235 743 2287 ab
754 2237 844 2289 armis.

167 2301 297 2355 Dicuntur
307 2305 432 2370 geminae
444 2312 535 2371 pestes
546 2305 704 2371 cognomine
718 2302 806 2373 Dirae,
967 2303 1019 2354 stc

166 2370 242 2429 Quae
253 2381 280 2424 et
292 2372 445 2425 Tartaream
458 2373 520 2425 Nox
532 2373 694 2450 intempesta
704 2372 866 2438 Megaeram

166 2440 227 2493 Uno
239 2441 389 2511 eodemque
401 2442 461 2495 tulit
472 2455 557 2511 partu,
570 2441 732 2510 paribusque
745 2441 858 2493 revinxit

167 2509 327 2579 Serpentum
340 2511 425 2580 spiris,
438 2519 616 2578 ventosasque
628 2509 731 2563 eddidit
742 2509 808 2562 ulae

166 2579 225 2631 Hae
237 2579 312 2633 Jovts
322 2580 356 2633 ad
371 2581 467 2633 solium
480 2580 608 2648 saevique
621 2579 648 2632 in
660 2579 752 2632 limine
765 2578 836 2646 regis

166 2650 312 2718 Apparent,
325 2646 479 2719 acuuntque
492 2648 596 2702 metum
609 2648 764 2701 mortalibus
777 2647 872 2717 aegris,
969 2649 1021 2698 850

97 2740 102 2749 ·
166 2717 194 2770 Si
207 2718 314 2785 quando
326 2717 412 2772 letum
424 2719 575 2772 horrificum
589 2718 681 2771 morbo
715 2734 749 2771 ue
761 2718 845 2771 deum
858 2732 907 2771 rex

169 2787 287 2857 Melum,
300 2790 409 2840 meritas
420 2800 466 2840 aut
479 2787 552 2840 bello
564 2786 667 2840 territat
678 2804 709 2840 ur
729 2804 768 2840 es.
962 2842 966 2856 f

84 2868 88 2873 ·
168 2856 270 2909 Herum
284 2874 367 2910 unam
379 2857 497 2910 celerem
510 2856 620 2910 demisit
632 2856 668 2909 ab
680 2858 791 2909 aethere
803 2869 910 2909 summo

127 2983 181 3028 815.
204 2979 309 3041 Adjuro,
329 2983 388 3039 due„
405 2982 438 3029 vi.
456 2984 607 3030 uec-821.
633 2980 771 3037 connubiis,
789 2979 804 3028 i.
822 2981 957 3029 73.-830.
974 2977 1021 3036 Eu,

96 3039 150 3088 dcc.
182 3038 197 3086 J
201 3055 249 3087 uno
265 3041 354 3099 proved
371 3041 470 3097 herself,
484 3040 516 3088 Ju
536 3041 581 3088 iter
597 3039 723 3100 smilingly
740 3055 835 3100 urgues,
849 3054 864 3086 a
879 3047 933 3086 true
948 3038 1022 3086 sister

12 3150 14 3157 ,
95 3098 126 3148 of
140 3098 180 3146 his
197 3113 262 3154 own,
276 3096 322 3147 and
340 3100 386 3147 deu
406 3100 460 3148 hter
475 3099 504 3146 of
517 3056 616 3167 gerum,
628 3115 643 3146 a
658 3098 750 3146 violent
767 3113 831 3154 race,
844 3099 877 3158 by
892 3097 936 3145 her
951 3096 1022 3145 iresul

96 3167 202 3216 temper.
236 3157 327 3205 Others
338 3174 379 3207 reu
406 3168 437 3215 et,
449 3173 593 3217 expreesrng
604 3157 704 3205 wonder
713 3157 765 3204 thet
776 3172 823 3205 one
833 3171 862 3206 sc
872 3164 939 3217 great
951 3155 1021 3205 could

12 3214 14 3221 ’
95 3218 129 3266 be
146 3231 176 3264 sc
191 3215 270 3264 iresul.
303 3216 365 3266 Com
384 3233 425 3266 ure
442 3217 458 3266 i.
477 3220 610 3266 11.-845.
634 3215 713 3276 Virgil
728 3230 811 3265 seems
826 3226 851 3263 to
868 3229 940 3264 mesu
956 3215 1020 3272 thet,

95 3274 175 3324 while
192 3275 261 3323 there
277 3291 342 3325 were
360 3233 428 3324 terroe
446 3275 533 3324 Furies
551 3275 592 3331 (vi,
604 3279 667 3331 555),
679 3274 737 3343 only
749 3284 799 3342 two
815 3290 879 3322 were
896 3274 954 3324 thus
969 3289 1020 3322 em·

97 3332 189 3396 pluyed
200 3334 233 3394 by
244 3333 259 3382 J
262 3335 349 3393 opiter,
363 3334 480 3395 Megaera
490 3333 636 3402 (Tartareo),
649 3333 748 3395 nbrdtug
758 3349 783 3382 ru
793 3333 948 3384 hell-847.
968 3331 1023 3382 Urio

12 3411 14 3441 r
96 3397 187 3450 adem,
199 3408 224 3446 x,
235 3396 292 3451 487,
303 3393 357 3449 Bel.
367 3394 417 3443 viii.
428 3397 504 3442 81.-
512 3396 565 3442 849.
581 3408 613 3454 vu
625 3396 680 3442 28⁰.
