2282 3790
479 194 640 241 111⁴!le

165 323 352 393 Sanguineam,
365 323 512 391 ingentem,
525 320 612 390 qualis
623 336 686 379 eum
698 317 805 372 caerula
817 327 905 377 nubea

165 394 233 448 Solis
245 391 388 446 inardescit
400 392 481 445 radiis
495 392 624 459 longeque
638 388 767 458 relnlge13

165 462 317 520 Tnmlevia
327 478 419 515 ocreas
431 461 528 512 electro
540 475 657 528 auroque
671 465 783 525 recocto,
851 487 860 502 ·

165 532 276 585 Hastam
297 547 339 596 ue,
353 539 380 583 et
392 531 471 600 clipei
484 547 537 583 non
549 528 702 581 enarrabile.
711 537 822 581 textum.
872 542 876 551 ·
965 531 1011 582 825

165 598 223 655 Illic
235 548 371 653 redltalaa
382 600 613 676 Romanorumque
626 595 781 676 triumphos,
814 665 820 676 Ι

165 669 244 722 Haud
257 678 349 722 vatum
362 669 468 737 ignarus
480 676 636 735 venturique
650 682 749 718 rnscrns
760 682 830 734 aevi,

165 738 279 792 Fecerat
292 737 458 806 lgnipotens3
476 736 530 789 illio
541 752 628 803 genus
638 750 717 787 omne
730 733 837 787 suturae

165 806 259 876 Stirpis
272 807 307 860 ab
319 807 443 874 Ascanio,
456 816 625 875 pugnataque
638 804 663 855 in
675 803 767 856 ordine
781 803 859 858 bella.

165 872 276 930 Fecerat
290 883 317 928 et
329 875 405 928 viridi
418 876 501 927 setam
514 872 642 927 Mavortis
655 873 680 924 in
693 880 769 925 antro
964 875 1013 925 630

164 944 341 998 Procubuisee
353 943 462 1013 lupam;
479 944 601 1011 geminos
613 941 675 994 hnic
687 941 770 995 ubera
782 941 885 994 circum

96 1064 100 1073 ,
165 1012 271 1066 Ludere
284 1012 425 1082 pendentis
437 1029 541 1081 pueros,
555 1020 581 1063 et
594 1010 713 1064 lambere
727 1019 841 1065 matrem

148 1081 333 1153 ‚lmpavidos3
351 1081 426 1135 illam
439 1082 516 1134 tereti
527 1080 635 1134 cervice
649 1080 777 1134 reflexam

164 1151 288 1205 Mulcere
300 1151 422 1216 altemoa
436 1160 463 1203 et
475 1167 583 1220 corpora
594 1149 693 1217 fingere
706 1149 806 1217 lingna.

165 1221 224 1274 Nec
237 1220 327 1290 procul
339 1220 401 1274 bine
413 1221 525 1273 Romam
536 1229 563 1272 et
577 1228 664 1287 raptas
675 1219 733 1270 sine
746 1233 819 1270 more
831 1214 945 1270 Sabinae
963 1220 1014 1271 636

165 1291 297 1343 Consesen
310 1306 419 1358 caveae,
432 1289 538 1356 magnis
550 1286 718 1342 Circensibus
729 1287 803 1354 actis,

165 1358 322 1428 Addiderat,
335 1358 475 1427 subitoque
487 1374 585 1411 novum
599 1372 755 1424 consurgere
767 1353 870 1409 bellum

164 1427 313 1482 Romulidis
325 1427 455 1497 Tatioque
468 1426 528 1479 seni
539 1425 706 1494 Curibusque
718 1425 828 1477 severis.

164 1497 226 1550 Post
239 1498 312 1549 idern
325 1497 393 1549 inter
404 1514 434 1549 se
447 1495 530 1566 posito
542 1495 688 1548 certamine
701 1511 778 1562 reges
924 1494 928 1501 '

164 1567 268 1619 Armati
280 1566 354 1619 lovis
365 1574 428 1617 ante
439 1582 514 1618 aram
528 1572 686 1634 paterasque
699 1571 821 1616 tenentes
962 1565 1013 1618 64(

164 1634 274 1687 Stabant
286 1642 314 1684 et
325 1650 406 1685 caesa
416 1633 563 1703 jungebant
577 1633 686 1686 foedera
698 1649 785 1711 porca.

165 1703 241 1756 Haud
255 1702 346 1773 procul
359 1702 421 1755 inde
432 1704 502 1757 citae
514 1703 631 1755 Mettum
644 1701 671 1755 in
681 1702 788 1755 diversa
799 1699 946 1771 quadrigae

164 1771 390 1826 Distulerant-at
403 1782 431 1825 tu
443 1771 529 1839 dictis,
542 1771 655 1840 Albane,
668 1788 793 1824 maneres
803 1769 847 1824 l·-

164 1841 350 1910 Raptabatqne
363 1841 410 1894 riri
422 1841 561 1894 mendacis
572 1841 675 1893 viscera
686 1839 782 1894 Tullus

165 1910 217 1963 Per
228 1908 333 1978 silvam,
347 1919 374 1962 et
387 1909 470 1979 sparsi
482 1909 603 1963 rorabant
615 1909 745 1977 sanguine
757 1925 791 1962 re
811 1925 862 1962 res.
964 1914 1016 1964 ete

164 1979 225 2032 Nee
236 1997 287 2049 non
300 1979 473 2049 Tarquinium
486 1979 604 2048 ejectum
617 1978 751 2032 Porsenna
761 1977 789 2048 ju
828 1978 873 2031 bat

166 2048 305 2116 Accipere,
318 2047 471 2117 ingentique
484 2048 579 2101 urbem
591 2046 727 2101 obsidione
739 2046 878 2118 premebat
884 2061 893 2118 3

166 2117 312 2169 Aeneadae
326 2117 352 2169 in
364 2116 463 2170 ferrum
495 2134 521 2170 ro
533 2116 656 2169 libertate
668 2116 789 2169 ruebant.

166 2185 245 2238 lllnm
260 2186 407 2253 indignanti
419 2135 543 2254 similem,
557 2186 726 2255 similemque
739 2184 852 2239 minanti
934 2244 938 2253 q

165 2254 317 2324 Aspiceres,
327 2255 556 2323 porrtemvauderet
589 2256 632 2308 nia
644 2255 742 2307 vellere
755 2255 858 2325 Coeles,
966 2258 1019 2308 θδί

166 2324 201 2377 Et
213 2323 325 2377 fluvium
338 2324 432 2377 vinclis
444 2323 546 2376 innaret
559 2272 661 2378 dloelia
674 2325 764 2393 ruptis.
799 2374 802 2379 4

166 2393 195 2446 ln
208 2409 314 2446 summo
325 2403 414 2446 custos
425 2393 554 2462 Tarpeiae
567 2393 686 2447 Manlius
697 2393 765 2446 arcia

167 2461 258 2515 Stabat
272 2479 317 2531 pro
329 2462 429 2532 templo
442 2472 468 2514 et
481 2460 613 2532 Capitolia
625 2462 698 2514 celsa
710 2461 826 2532 tenebat,
867 2469 871 2477 “

166 2530 350 2600 Romuleoque
363 2548 456 2583 recens
468 2530 591 2584 horrebat
606 2533 676 2600 regia
689 2531 787 2584 culmo.

166 2603 256 2668 Atque
269 2599 313 2653 hie
324 2600 424 2653 auratis
436 2600 548 2652 volitans
559 2609 700 2669 argenteus
712 2617 790 2653 anser
969 2603 1021 2655 655

167 2668 316 2723 Porticibus
326 2669 417 2723 Gallos
429 2671 456 2722 in
470 2669 560 2722 limine
572 2671 669 2722 adesse
681 2669 812 2737 canebat;

166 2737 237 2790 Galli
250 2755 298 2808 per
308 2738 405 2791 dumos
416 2738 535 2807 aderant,
547 2756 692 2807 arcemque
706 2738 840 2809 tenebant,

166 2804 277 2860 Delensi
292 2807 408 2860 tenebris
420 2816 446 2859 et
459 2806 527 2859 dono
540 2807 625 2860 noctis
636 2823 752 2876 opaeae3

166 2877 257 2931 Aurea
269 2876 402 2928 caesaries
413 2876 479 2939 ollis,
492 2884 573 2945 atque
585 2893 667 2929 aurea
679 2877 778 2945 vestis3

127 3003 179 3049 625.
197 2998 253 3049 Non
269 3002 407 3055 enarrabile,
426 3000 478 3048 that
495 3011 581 3049 cannot
597 3003 628 3049 be
644 3001 792 3060 completely
804 3006 833 3056 (e)
844 3000 1001 3050 described.-

96 3061 149 3106 631.
169 3060 279 3108 Observa
288 3061 447 3122 procubuisse,
460 3061 547 3107 ludere.
580 3059 635 3107 The
646 3060 704 3107 time
716 3059 807 3107 choeen
817 3059 855 3107 t'or
865 3072 1013 3120 representa

98 3117 149 3164 tion
160 3119 181 3166 is
191 3121 255 3179 oster
262 3118 303 3165 the
313 3118 373 3165 wolf
379 3122 421 3166 lma
433 3117 481 3165 lain
492 3117 572 3173 down,
583 3118 628 3165 und
640 3121 708 3166 while
717 3118 759 3166 the
769 3120 846 3167 babes
857 3135 902 3166 are
911 3119 980 3180 playi

98 3178 187 3224 -636,
206 3177 333 3231 Concessa,
347 3175 396 3224 tre.
428 3175 475 3224 See
491 3186 515 3224 at
531 3192 554 3224 v.
566 3180 714 3225 aloa-638.
734 3177 846 3224 Curibus.
880 3177 930 3225 See
947 3189 972 3226 at

98 3235 245 3299 sla-6511.
261 3233 370 3280 Stabant.
402 3233 448 3281 See
465 3243 489 3282 at
505 3235 520 3283 i.
532 3238 586 3290 465,
600 3235 646 3284 and
657 3252 672 3284 a
682 3236 774 3283 similar
785 3250 829 3283 use
840 3234 869 3283 os
881 3236 926 3284 tlre
937 3244 1024 3285 tenses

98 3289 171 3333 noted
178 3299 202 3334 at
209 3306 224 3335 r.
231 3293 284 3336 466.
291 3294 379 3338 -650,
389 3292 494 3340 Anderae
504 3294 587 3342 marks
594 3292 635 3341 the
643 3310 715 3342 cause
723 3294 751 3342 of
759 3294 910 3343 Porsenna’s
917 3295 1015 3344 threate

98 3344 303 3445 afflegem,
316 3349 395 3396 either
409 3350 599 3411 newly'carved‚
612 3367 640 3400 or
650 3368 702 3402 was
717 3353 877 3413 represented
893 3369 921 3403 ae
937 3352 1023 3415 newly
