2288 3732
473 224 658 267 annuerent«.

167 353 312 424 Tardaque
323 353 468 410 Eleusinae
480 353 574 407 metris
585 351 720 407 volventia
730 351 857 422 plausus,

169 423 341 494 Tribulnqne,
354 424 527 493 traheaeque,
539 435 567 475 et
580 422 670 493 iniquo
682 422 799 491 pondera
812 419 906 491 rastri3

169 493 269 563 Virgea
280 504 417 563 praeterea
430 492 503 545 Celei
517 493 633 561 vilisque
644 491 775 566 supellex,
974 494 1021 544 165

169 562 307 618 Arbutese
319 572 407 617 eretes
418 571 445 615 et
458 575 572 631 mpetu-n
586 576 690 614 rannus
699 559 799 615 laoolri.
987 602 990 608 Δ

169 632 266 687 Omnia
276 648 346 703 quae
358 631 444 684 multo
453 640 517 684 aute
529 649 632 684 memor
644 631 749 699 provisa
759 644 880 700 repones,

170 702 197 755 si
211 709 238 754 te
249 701 330 770 digna
342 709 434 755 manet
445 699 537 753 divina
547 699 631 767 gloria
643 700 717 752 ruris.

130 786 134 795 ¹
169 771 300 825 Continuo
312 771 338 823 in
350 770 425 823 silvis
436 785 534 837 magne
545 770 573 822 vi
585 769 656 822 flexa
667 767 791 822 domatur

170 839 200 893 ln
213 839 310 909 burim,
323 847 351 892 et
363 838 436 892 ourni
449 839 563 891 formam
574 838 673 907 ancipit
685 837 775 891 ulmus
785 836 875 890 aratri.
973 839 1023 890 170

170 909 240 962 lluio
250 907 286 961 ab
298 909 381 978 stirpe
392 906 477 978 pedes
489 915 562 961 temo
573 915 711 977 protentus
722 907 748 960 in
761 915 829 976 uoto,

170 977 254 1031 Binae
266 994 352 1046 aures,
365 976 467 1047 duplici
478 985 603 1046 aptantur
613 975 732 1029 dentalia
742 976 829 1029 dorso.

170 1046 297 1100 Caeditur
308 1056 334 1098 et
348 1047 403 1100 tilia
414 1054 478 1099 ante
488 1045 639 1116 juguleris,
651 1045 761 1115 altaque
773 1045 858 1114 sagus,

170 1116 304 1185 Stiveque,
317 1133 388 1185 quae
399 1132 494 1168 oureus
504 1132 521 1168 a
533 1125 608 1184 tergo
619 1124 738 1185 torqueat
750 1114 834 1169 imos:

172 1186 207 1243 Et
219 1202 350 1254 suspensa
361 1186 428 1238 fenis
440 1184 559 1254 explorat
572 1185 665 1238 robore
676 1183 777 1239 inmas.
974 1186 1024 1237 tta

205 1254 319 1308 Possum
331 1255 417 1308 multe
429 1254 477 1307 tihi
489 1264 612 1308 veterum
624 1264 768 1324 praesepto
779 1253 886 1324 referre,

170 1323 207 1379 Ni
220 1322 327 1394 refugis,
341 1325 484 1393 tenuisque
497 1324 570 1393 piget
581 1339 742 1392 oognosoere
752 1339 840 1377 ouras

133 1394 140 1402 “
170 1395 243 1448 Area
254 1411 317 1448 eum
329 1393 422 1463 primis
433 1394 534 1460 ingenti
544 1392 687 1462 sequenda
698 1392 827 1473 cylindro,

172 1463 208 1517 Et
221 1463 349 1516 vertenda
360 1479 450 1531 manu,
464 1471 491 1515 et
503 1471 575 1517 oreta
588 1461 727 1516 solidanda
737 1462 834 1534 terraer,

171 1532 215 1587 Ne
227 1532 339 1585 subeant
351 1532 459 1598 herbae,
472 1548 525 1586 neu
537 1532 648 1601 pulvere
660 1532 731 1585 vieta
743 1530 857 1601 satiem,
943 1550 945 1555 ·
974 1534 1024 1585 teo

170 1600 243 1655 Tum
256 1601 344 1654 variae
356 1601 470 1655 illudent
482 1611 588 1671 pestes:
608 1617 691 1671 saepe
701 1602 817 1669 exiguus
826 1615 890 1655 mns

171 1670 227 1724 Sub
239 1671 316 1723 terris
327 1671 469 1740 posuitque
481 1669 576 1727 domos
586 1680 669 1740 atque
680 1670 775 1731 horrea
786 1670 866 1741 feeit,

171 1743 227 1794 Aut
239 1740 325 1793 noulis
337 1741 408 1810 capti
419 1740 511 1794 fodere
522 1740 622 1794 cubilia
634 1739 724 1809 talpae
731 1757 739 1809 3

172 1809 285 1863 Invento
322 1826 355 1862 ne
367 1811 441 1862 cavis
452 1809 525 1879 bufo,
539 1818 567 1863 et
579 1826 649 1889 quae
661 1809 776 1879 plurima
786 1816 874 1862 terrae
903 1831 912 1845 ·

172 1879 294 1932 Monstre
313 1888 405 1949 erunt3
417 1880 580 1949 populatque
590 1888 727 1947 mgentem
736 1878 813 1932 farris
823 1893 953 1933 acervum
975 1881 1025 1933 185

172 1948 304 2017 Curculio,
317 1956 400 2018 atque
412 1949 483 2019 inopi
495 1959 621 2002 metuens
631 1947 742 2003 fannion
753 1956 889 2001 senectae.

208 2017 407 2086 Contemplator
418 2020 491 2087 itero,
504 2035 569 2071 eum
580 2035 611 2071 se
622 2034 677 2072 nux
688 2017 804 2088 plurime
815 2016 891 2070 silvis

172 2086 268 2139 Induet
280 2087 308 2140 in
319 2087 422 2158 florem,
433 2094 462 2142 et
475 2104 562 2141 remos
574 2087 695 2141 ourrebit
704 2086 818 2140 olentis:

169 2155 199 2208 Si
211 2166 337 2225 superant
350 2157 427 2228 fetus,
440 2157 538 2228 pariter
550 2155 683 2211 frumenta
694 2163 848 2225 sequentur,

171 2223 329 2295 Magnaque
341 2242 404 2280 oum
416 2243 514 2296 magno
526 2226 616 2280 veniat
628 2227 722 2279 tritura
732 2223 821 2279 oalore
828 2241 837 2293 3
895 2276 897 2280 Α
976 2228 1028 2279 190

171 2295 209 2348 At
220 2294 243 2347 ei
255 2294 360 2348 luxurio
371 2294 492 2349 foliomm
505 2295 635 2348 exuberet
646 2295 751 2365 umbra,

171 2362 363 2433 Nequidquam
377 2365 485 2434 pinguis
496 2364 574 2435 palea
585 2372 655 2418 teret
666 2381 729 2417 aren
740 2364 853 2418 oulrnos.

206 2431 315 2487 Seruius
327 2434 383 2487 ridi
395 2435 521 2502 equidem
533 2432 632 2487 multoe
643 2434 779 2488 medioata
791 2440 919 2503 serentes,

172 2501 208 2556 Et
219 2502 286 2556 nitro
299 2503 371 2572 prius
383 2516 410 2555 et
421 2504 497 2572 nigre
508 2502 669 2573 perfundere
681 2519 800 2573 amuroe,

172 2571 303 2625 Grandior
317 2582 346 2626 ut
358 2572 431 2625 letus
441 2573 546 2642 siliquis
558 2572 699 2626 lallnoibus
709 2585 791 2641 esset,
976 2574 1030 2626 teo

172 2640 216 2703 ln,
229 2642 354 2710 quamvis
364 2641 419 2710 igni
430 2642 535 2711 exiguo,
548 2650 687 2711 properata
699 2640 849 2696 maderent.

172 2709 233 2762 Vidi
246 2710 373 2764 leotadio
386 2708 414 2764 et
425 2710 510 2765 mnlto
522 2719 642 2780 epeoteta
653 2710 744 2764 labore
859 2735 866 2747 ··

172 2778 341 2846 Degenerare
354 2788 452 2848 temen,
465 2781 491 2833 ni
503 2781 546 2833 ris
556 2779 676 2834 humana
686 2780 832 2848 quotannis

172 2847 295 2900 Maxime
306 2864 431 2920 quosque
443 2866 525 2903 marm
538 2849 640 2918 legeret
647 2866 655 2919 5
673 2850 713 2903 sio
724 2850 816 2903 omnia
827 2847 892 2903 fatis

172 2916 202 2969 ln
216 2915 294 2986 pejus
306 2934 391 2986 ruere,
403 2935 437 2971 eo
449 2929 517 2971 retro
528 2919 656 2990 sublapsa
666 2918 758 2971 referri
765 2935 774 2987 5
975 2920 1028 2970 2⁰(

171 2986 232 3039 Non
244 2986 329 3055 aliter,
361 3004 425 3040 uam
436 2987 482 3056 qui
493 2987 607 3042 adverso
615 2988 660 3041 vix
671 2987 784 3042 flumine
796 2986 922 3042 lembum

172 3054 305 3121 Remigiis
317 3003 422 3124 mitigit,
435 3057 459 3109 si
471 3055 581 3111 brachie
592 3057 660 3111 sorte
672 3057 785 3124 remisit,
799 3094 802 3103 ·

172 3123 264 3241 Atque
276 3121 351 3175 illum
365 3124 392 3176 in
403 3140 534 3194 praeoeps
544 3142 626 3205 prono
637 3127 706 3205 ¹rupit
717 3125 813 3206 alveus
823 3124 909 3179 amni.

232 3197 351 3242 raetorea
362 3200 418 3244 tam
430 3203 492 3246 sunt
503 3195 610 3248 Arotun
621 3195 710 3249 sudem
720 3194 798 3250 nobrs

136 3305 249 3371 ltu-1853.
266 3303 456 3371 Miscellaneous
472 3309 621 3370 directions;
644 3311 686 3361 the
702 3311 911 3374 threehingnoor.
922 3339 956 3355 -
967 3316 1015 3363 187

108 3362 159 3426 192.
173 3359 311 3428 indrustron
322 3362 351 3409 ol
361 3379 376 3410 a
386 3365 466 3426 heavy
476 3383 504 3415 or
513 3384 528 3416 a
538 3369 599 3429 light
611 3370 881 3429 produce-193-203.
899 3371 958 3421 The
975 3388 1022 3421 me
1137 3414 1138 3419 ,

105 3415 213 3535 :lpoppqrpg
228 3419 276 3467 und
291 3421 333 3468 the
349 3421 432 3471 choico
447 3424 476 3472 ol
487 3428 712 3480 seed.·'-204-240.
729 3431 785 3481 The
801 3445 888 3492 proper
899 3432 975 3480 times
992 3432 1034 3483 fot
