2320 3744
518 193 703 237 eucnemon.

212 327 302 382 Durus
313 324 409 382 amori
443 325 552 395 Nempe
563 323 686 395 abruptIs
697 321 804 376 turbata
815 320 942 392 procellis

211 398 300 452 Nocte
312 405 384 450 natat
398 412 481 448 caeca
493 412 569 448 serus
580 394 646 447 freta
652 410 661 475 Ξ
678 409 763 462 quem
776 408 856 460 super
868 393 966 462 ingens
1017 394 1064 446 200

212 467 293 521 Porta
304 475 378 520 tonat
391 465 467 534 coeli,
482 473 509 516 et
522 463 639 531 scopulis
651 462 722 516 illisa
734 461 883 515 reclamant

211 538 337 606 Aequora
343 552 352 606 3
367 552 419 590 nec
430 534 523 589 miseri
535 543 643 604 possunt
659 548 782 584 revocare
795 538 928 602 parentes,
1012 532 1017 542 '

212 606 272 660 Nec
286 608 412 660 moritura
424 621 506 673 super
517 603 619 656 crudeli
633 603 728 656 sunere
742 602 823 670 virgo.

159 713 169 727 .
212 675 284 736 Quid
298 678 392 747 lynces
404 672 503 728 Bacchi
515 674 613 741 variae,
627 681 654 726 et
666 689 753 740 genus
764 688 826 725 acre
839 670 865 724 lu
903 687 963 724 rum

212 748 248 800 At
269 763 304 798 ne
313 745 429 799 canuml
438 742 511 813 quid,
520 760 590 812 quae
600 741 796 796 imbellesdant
805 757 868 811 prce
880 742 905 793 ia
913 739 1004 795 cervi!
1015 745 1064 794 260

213 762 321 868 Scilicet
333 825 396 867 aute
408 813 495 867 omnis
507 813 580 866 furor
592 820 633 864 est
645 813 757 880 insignis
769 828 916 881 equarum;

214 884 247 937 Et
260 892 381 937 mentem
394 883 488 936 Venus
500 884 556 953 ipsa
568 882 650 951 dedit,
664 899 717 951 quo
730 889 852 950 tempore
865 881 963 935 Glauci
1018 931 1019 934 ,

213 953 359 1006 Potniades
371 952 451 1007 malis
463 953 587 1005 membra
599 951 776 1021 absumpsere
788 950 944 1021 quadrigae.

212 1022 277 1076 illas
288 1023 361 1077 ducit
373 1038 448 1075 amor
459 1030 533 1075 trans
544 1022 664 1090 Gargara
676 1031 801 1090 transque
814 1031 956 1075 sonantem

211 1092 377 1153 Ascanium:
397 1101 524 1161 superant
537 1091 636 1144 montis
648 1099 674 1144 et
687 1091 800 1144 flumina
812 1098 926 1144 tranant.
1014 1093 1066 1144 270

213 1162 397 1232 Continuoque
409 1161 496 1214 avidis
507 1160 554 1214 ubi
568 1159 677 1214 subdita
689 1161 801 1214 flamma
814 1160 987 1231 medullis,-

213 1231 284 1285 Vere
297 1232 391 1300 magis,
404 1231 469 1300 quia
481 1247 544 1283 vere
556 1231 629 1283 calor
642 1230 709 1283 redit
722 1230 926 1284 ossibus—illae

212 1302 265 1354 Ore
278 1318 373 1355 omnes
388 1317 481 1353 versae
495 1301 521 1353 in
534 1299 688 1370 Zephyrum
702 1308 773 1352 stant
785 1299 897 1368 rupibus
908 1300 978 1371 altis,

213 1371 406 1441 Exceptanque
418 1369 486 1422 levis
497 1387 583 1439 auras,
597 1378 625 1422 et
637 1386 718 1440 saepe
731 1371 789 1423 sine
801 1369 864 1422 ullis

213 1440 357 1511 Conjugiis,
372 1448 451 1492 ventu
462 1439 750 1508 gravidae-mirabile
764 1440 874 1492 dictu-
1013 1444 1066 1494 275

213 1509 283 1562 Saxa
294 1526 343 1578 per
354 1517 382 1562 et
394 1510 517 1578 scopulos
528 1517 555 1563 et
567 1508 710 1578 depressas
721 1510 849 1563 convallis

212 1578 467 1647 Diffugiunt,-norr,
482 1580 562 1647 Eure,
577 1586 643 1648 tuos,
658 1595 745 1648 neque
758 1579 825 1632 Solis
837 1580 871 1634 ad
884 1587 1001 1649 ortus,-

213 1649 243 1701 In
256 1648 358 1701 Borean
372 1647 553 1718 Caurumque‚
565 1658 612 1702 aut
624 1647 696 1701 unde
709 1649 870 1717 nigerrimus
882 1654 981 1705 Auster

212 1718 347 1787 Nascitur,
361 1726 388 1771 et
400 1718 490 1786 pluvio
502 1719 638 1771 contristat
652 1718 748 1786 frigore
761 1719 876 1773 coelum.

212 1788 264 1841 llic
276 1786 396 1858 demum,
411 1788 588 1856 hippomanes
599 1804 663 1840 vero
674 1787 744 1857 quod
758 1789 865 1842 nomine
877 1789 970 1844 dicunt
1014 1795 1068 1844 280

213 1858 343 1926 Pastores,
356 1857 458 1910 lentum
471 1857 588 1910 destillat
600 1859 636 1912 ab
648 1857 756 1925 inguine
768 1859 841 1912 virus
848 1875 857 1928 ς

212 1927 403 2006 Hippomanes,
417 1926 486 1995 quod
501 1944 582 1996 saepe
595 1928 684 1979 malae
697 1927 786 1995 legere
800 1946 939 2001 novercae,

212 1996 435 2067 Miscueruntque
448 1995 545 2049 herbas
557 2008 583 2049 et
596 2014 647 2050 non
660 1997 766 2050 innoxia
778 1999 869 2055 verba.

248 2065 300 2120 seo
313 2066 380 2133 fugit
394 2068 502 2136 interea,
516 2065 585 2135 fugit
598 2066 770 2136 irreparabile
782 2077 898 2138 tempus,

213 2134 321 2204 Singula
333 2136 482 2204 dum'capti
494 2135 737 2190 circumvectamur
748 2153 848 2192 amore.
1014 2144 1069 2195 285

214 2205 271 2257 Ηοο
283 2206 347 2258 satis
358 2205 496 2259 armentis.
532 2206 644 2275 Superat
657 2222 718 2274 pars
729 2205 814 2258 altera
826 2224 915 2279 curae,

213 2274 359 2342 Lanigeros
369 2276 470 2343 agitare
482 2292 578 2343 greges
591 2275 726 2344 hirtasque
739 2276 866 2345 capellas.

212 2343 265 2397 Hic
277 2343 367 2413 labor3
385 2343 448 2397 hinc
460 2344 570 2398 landem
583 2341 664 2397 saites
676 2355 781 2414 sperate
793 2345 889 2401 coloni.

212 2415 272 2467 Nec
284 2431 344 2467 sum
356 2414 440 2467 animi
452 2413 556 2483 dubius,
570 2414 660 2467 verbis
672 2431 705 2466 ea
717 2416 824 2468 vincere
838 2433 966 2485 magnum

213 2484 301 2542 Quam
315 2485 356 2552 sit,
371 2492 398 2536 et
410 2484 532 2552 angustis
543 2484 614 2537 huuc
626 2483 726 2537 addere
739 2485 819 2539 rebus
831 2485 977 2559 honorem,
1014 2493 1071 2542 290

213 2552 265 2607 Sed
279 2571 324 2606 me
337 2555 460 2607 Parnassi
472 2553 580 2606 deserta
591 2570 640 2622 per
651 2554 734 2606 ardua
746 2553 834 2619 dulcis

212 2623 309 2690 Raptat
321 2640 396 2676 amor
402 2638 411 2691 3
432 2622 503 2676 ‘uvat
515 2623 554 2675 ire
566 2622 643 2693 jugis,
657 2639 710 2702 qua
722 2624 796 2677 nulla
807 2625 924 2694 priorum

213 2692 358 2746 Castaliam
372 2641 444 2746 molli
457 2692 606 2756 devertitur
617 2694 702 2746 orbita
714 2694 792 2747 clivo.

212 2761 299 2829 Nunc,
313 2762 466 2815 veneranda
478 2762 564 2832 Pales,
579 2779 676 2830 magno
689 2779 760 2816 nunc
770 2781 816 2816 ore
829 2762 988 2820 sonandum.

247 2831 388 2902 Incipiens,
403 2831 517 2885 stabulis
528 2832 604 2885 edico
617 2833 643 2885 in
656 2833 781 2886 mollibus
794 2833 905 2889 herbam
925 2856 928 2862 ·
1014 2840 1073 2891 295

212 2900 328 2970 Carpere
340 2901 405 2971 ovis,
419 2902 484 2955 dum
498 2918 561 2955 mox
572 2900 696 2955 frondosa
708 2902 842 2957 reducitur
852 2914 950 2977 aestas,

211 2970 247 3023 Et
259 2970 343 3023 multa
355 2970 449 3024 duram
462 2970 560 3039 stipula
572 2971 728 3041 filicumque
739 2972 866 3042 maniplis

211 3038 335 3093 Sternere
348 3040 439 3095 subter
452 3040 572 3108 humum,
585 3040 688 3109 glacies
700 3058 735 3095 oc
747 3040 845 3110 frigida
855 3042 948 3099 laedat

210 3106 295 3160 Molle
308 3125 398 3178 pecus,
412 3110 585 3178 scabiemque
598 3109 666 3162 serat
679 3111 815 3181 turpisque
827 3112 967 3183 podagras.

136 3218 137 3221 ,
211 3176 281 3244 Post,
295 3176 358 3229 hinc
370 3178 512 3247 digressus,
525 3176 606 3248 jubeo
614 3179 768 3233 frondentia
780 3182 868 3251 capris
1016 3191 1075 3238 300

151 3271 1073 3294 -—-———-———-.--...--

169 3313 285 3360 284-299.
301 3312 346 3360 Vir
364 3313 389 3369 it,
400 3313 462 3362 aster
472 3330 541 3362 some
550 3315 700 3366 introductor
725 3319 844 3376 remarks,
853 3320 923 3381 gives
932 3322 1076 3374 directions

141 3369 177 3416 ior
184 3369 227 3436 tho
236 3384 289 3418 cure
297 3371 326 3417 os
333 3329 408 3430 sheep
417 3373 441 3419 in
449 3374 689 3426 winter.-300-317.
700 3333 837 3427 hirecrions
844 3380 975 3443 regcrding
982 3395 1073 3443 goare,

141 3427 231 3484 which,
243 3426 280 3476 for
290 3443 359 3479 soma
371 3445 498 3490 purposcs,
511 3433 542 3480 he
554 3437 724 3487 recommends
735 3453 762 3486 as
773 3454 815 3499 pre
826 3440 908 3488 erable
920 3450 947 3489 to
957 3441 1051 3505 sheep.
