2288 3732
466 285 653 328 GEORGICON.

165 415 310 472 Mutavere
322 414 388 485 rias,
401 422 429 468 et
440 414 545 485 Jupiter
556 412 656 468 uvidus
667 412 766 468 austris

169 487 275 556 Deusat,
288 494 364 539 erant
375 502 446 556 quae
459 502 516 538 rara
529 484 616 554 modu,
629 492 665 554 et,
678 500 750 554 quae
761 481 854 552 dense,
868 481 999 553 relaxet*

165 555 311 610 vertuntur
322 556 429 626 species
440 555 600 624 animorum,
612 562 641 606 et
652 561 761 624 pectora
772 561 863 607 motus
972 556 1026 608 420

168 626 246 681 Nunc
257 625 331 695 alios,
344 625 418 696 alios,
431 624 497 679 dum
509 624 604 678 nubila
614 633 712 677 ventus
723 622 828 693 agebat,

166 695 340 766 Concipiunt:
360 694 424 749 hinc
436 694 483 749 ille
495 695 586 748 avium
599 699 746 747 concentus
757 693 783 746 in
795 691 874 764 agris,

110 814 114 831 ,
165 765 201 821 Et
213 764 301 818 laetae
313 764 442 835 pecudes,
455 772 483 818 et
494 771 607 817 ovantes
617 766 724 833 gutture
736 762 817 815 corvi.

199 834 228 887 Si
239 851 302 887 vero
314 833 401 888 solem
412 836 447 888 ad
460 832 582 904 rapidum
594 832 726 902 lunasque
738 830 877 900 sequentis

165 903 263 959 Ordine
275 903 411 974 respicies,
425 920 575 973 numquam
587 911 614 956 40
626 903 741 956 crastina
753 900 830 954 fallet
972 904 1023 956 ⁴2⁵

165 972 243 1042 Hora,
256 989 346 1042 ucque
357 973 461 1027 insidiis
473 973 558 1026 noctis
571 973 678 1043 capiere
690 987 811 1025 serenae.

166 1042 242 1096 Luna
254 1044 413 1096 revertentis
424 1060 488 1097 cum
499 1043 617 1113 primum
629 1042 732 1111 colligit
743 1040 819 1110 ignis,

164 1111 194 1166 si
205 1111 310 1192 nigrum
321 1112 434 1167 obscuro
447 1111 644 1183 comprenderit
656 1117 720 1165 aera
731 1127 820 1180 cornu,

164 1182 306 1237 Maximus
317 1183 441 1252 agricolis
487 1181 601 1252 legeque
614 1181 750 1252 parabitur
760 1179 855 1234 imber.

164 1253 202 1306 At
214 1251 237 1305 si
250 1252 400 1322 virgineum
413 1200 556 1305 subrident
567 1267 613 1303 cre
626 1251 758 1319 ruborem,
869 1267 876 1280 ·
971 1253 1025 1304 430

164 1321 271 1377 ventus
280 1321 333 1376 erit
340 1339 349 1392 5
367 1330 447 1376 vento
459 1338 568 1391 semper
579 1321 657 1374 rubet
668 1337 752 1374 aurea
762 1319 882 1373 Phoebe.

163 1390 211 1446 ein
222 1399 280 1445 ortu
292 1401 539 1461 quarto-namque
552 1391 576 1444 is
587 1391 753 1444 certissimus
763 1397 874 1443 auctor-

165 1460 244 1529 Pura,
257 1478 346 1531 neque
357 1461 460 1516 obtusis
471 1478 519 1533 per
530 1461 636 1515 coelum
649 1460 773 1514 cornibus
785 1459 849 1514 ibit:

165 1530 251 1583 Totus
262 1537 290 1583 et
302 1530 348 1584 illc
360 1530 426 1601 dies,
440 1541 467 1584 et
479 1531 526 1601 qui
540 1539 683 1584 nascentur
695 1530 730 1584 ab
743 1529 787 1582 illu

166 1595 300 1653 Eracturri
313 1599 347 1653 ad
359 1617 492 1671 mensem,
505 1601 596 1671 pluvia
608 1599 749 1670 ventisque
762 1597 891 1653 carebunt
897 1612 907 1668 3
972 1601 1026 1652 430

165 1669 288 1738 Votaque
301 1668 399 1722 servati
412 1671 516 1724 solvent
528 1672 554 1724 in
568 1671 644 1724 litore
656 1680 755 1723 nautae

166 1738 269 1792 Glauco
282 1747 309 1793 et
322 1740 464 1810 Panopeae
477 1748 505 1793 et
516 1741 580 1794 Inoo
591 1739 761 1794 Melicertes.
958 1784 978 1805 „

200 1808 253 1863 Sol.
276 1826 372 1880 uoque,
386 1819 413 1863 et
426 1810 549 1864 exoriens
560 1819 587 1863 et
600 1826 663 1864 cum
677 1826 706 1863 se
718 1807 816 1862 condet
828 1807 856 1861 in
868 1806 965 1879 undas,

165 1877 248 1947 Signa
257 1826 350 1948 iabin
369 1880 455 1932 sulem
466 1879 618 1933 certissima
629 1880 706 1948 sigua
718 1886 875 1949 sequuntur,

166 1947 202 2004 Et
214 1965 285 2018 quae
296 1966 377 2003 mane
391 1948 478 2018 refert,
492 1958 520 2002 et
551 1967 601 2002 uae
615 1948 786 2018 surgentibus
797 1947 883 2001 astris.
974 1951 1028 2002 440

166 2017 216 2071 Ille
229 2017 276 2072 ubi
288 2026 447 2089 nascentem
459 1966 575 2073 maculis
585 2018 728 2072 variaverit
740 2027 837 2087 ortum,

166 2086 296 2141 Conditus
307 2087 334 2140 in
347 2088 457 2158 nubem,
469 2088 615 2158 medioque
629 2088 756 2157 refugerit
768 2085 840 2156 orbe,

166 2156 290 2226 Suspecti
303 2157 352 2212 tibi
364 2158 417 2212 sint
428 2148 544 2226 imbres3
562 2174 681 2227 namque
694 2165 789 2226 urguet
801 2156 837 2218 ab
848 2155 903 2210 alto

166 2225 299 2280 Arboribu
334 2244 369 2281 ue
382 2228 500 2298 satisque
512 2228 600 2282 Notus
611 2228 699 2298 pecori
720 2244 754 2280 ue
767 2226 884 2280 sinister.

166 2295 323 2350 Auruncu
356 2296 448 2351 lucem
459 2297 544 2351 densa
558 2296 628 2350 inter
639 2244 733 2350 nubila
744 2313 805 2350 sese
964 2299 1029 2352 440

167 2365 273 2419 Diversi
287 2376 412 2437 rumpent
424 2364 499 2436 radii,
512 2374 559 2420 aut
571 2366 617 2419 ubi
630 2365 730 2436 pallide
742 2373 833 2435 surget

167 2435 277 2489 Tithoni
288 2452 415 2490 croceum
426 2435 551 2506 linquens
563 2438 666 2490 Aurora
677 2435 784 2490 cubile:

167 2505 228 2559 Heu
238 2505 245 2559 l
265 2506 340 2561 male
352 2514 411 2560 tum
422 2506 498 2560 mitis
509 2505 638 2559 defendet
650 2506 796 2576 pampinus
807 2520 875 2559 uras
882 2519 892 2575 3

168 2574 239 2628 Tam
250 2575 337 2629 multa
349 2574 376 2629 in
389 2575 470 2630 tectis
481 2576 616 2646 crepitans
628 2574 689 2628 salit
700 2573 808 2628 horrida
819 2573 932 2643 grando.

168 2644 226 2697 Hoc
238 2644 329 2715 etiam,
342 2662 453 2700 emenso
465 2662 529 2700 cum
540 2644 598 2716 jam
609 2643 717 2698 decedit
729 2645 807 2716 Olym
845 2683 854 2714 ,
975 2648 1030 2699 400

168 2712 300 2766 Profuerit
313 2715 470 2769 meminisse
481 2715 585 2783 magis:
604 2731 668 2768 uam
684 2730 767 2786 saepe
779 2713 804 2768 ν’
826 2729 906 2768 emus

168 2782 257 2852 Ipsius
269 2783 296 2837 in
308 2784 383 2839 vultu
396 2785 484 2839 varios
496 2801 584 2838 errare
596 2783 707 2838 colores.

168 2852 315 2908 Caeruleus
327 2854 447 2925 pluviam
459 2854 606 2923 denuntiat,
620 2853 716 2922 igneus
729 2853 830 2922 Euros5

168 2922 214 2976 Sin
226 2924 350 2977 maculae
362 2924 490 2996 incipient
502 2924 581 2978 rutilo
593 2923 771 2976 immiscerier
782 2921 846 2993 igni,

168 2992 265 3046 Omnia
277 3002 336 3047 tum
347 2993 447 3062 pariter
457 3001 538 3047 vento
550 2992 704 3063 nimbisque
716 2991 821 3046 videbis
976 2994 1030 3046 400

168 3061 295 3116 Fervere.
330 3063 393 3117 Non
404 3063 450 3117 illa
461 3063 605 3134 quisquam
617 3078 662 3116 me
675 3069 753 3115 nocte
765 3078 813 3132 per
824 3059 912 3116 altum

167 3130 218 3201 Ire,
231 3148 321 3202 neque
332 3132 368 3185 ab
379 3140 449 3186 terre
461 3139 569 3186 moneat
580 3131 732 3185 convellere
744 3130 848 3185 funem.

169 3201 206 3253 At
217 3200 248 3266 si,
261 3217 325 3254 curn
338 3201 489 3273 referetque
501 3202 576 3256 diem
587 3200 739 3270 condetque
752 3199 877 3271 relatum,

169 3266 288 3322 Lucidus
299 3268 372 3323 orbis
383 3271 441 3341 erit,
454 3271 551 3325 frustra
562 3271 698 3325 terrebere
711 3270 820 3342 nimbis,

169 3336 206 3390 Et
217 3334 289 3390 claro
301 3337 384 3392 silvas
395 3355 490 3393 cernes
501 3339 627 3411 aquilone
638 3340 751 3394 moveri.
891 3370 894 3375 >
976 3343 1033 3398 46⁰

129 3478 419 3548 4244372Prognostics
429 3480 552 3533 derivable
562 3458 625 3535 from
635 3484 678 3536 the
687 3500 769 3538 moon.
776 3486 934 3538 -438-463.
950 3484 1031 3549 Prog-

100 3537 516 3591 eosttcsdenreblsfromthesun.
720 3560 724 3569 ¹
