2282 3790
491 142 590 188 arasa
609 136 651 189 rx'.

159 274 164 289 ¹
182 266 194 324 l
255 269 305 325 trhi
315 270 351 324 ad
363 277 410 325 tua
421 272 523 343 templa
535 272 621 328 feram
633 275 774 331 sollemnia
785 276 864 350 dona,

209 349 218 392 t
229 346 346 394 smtuam
358 350 421 394 ante
432 358 494 395 aras
505 353 598 396 aurata
611 344 695 398 fronte
706 346 862 418 juvencum,

182 408 357 478 Gaudentem,
370 411 522 481 pariterque
534 420 615 483 caput
627 431 690 468 cum
703 425 789 469 matre
803 418 944 488 serentem,

181 478 243 532 lam
255 495 335 532 cornu
348 487 422 548 petat
433 488 460 532 et
473 481 588 550 pedibus
599 484 645 552 qui
658 495 763 554 spargat
775 486 909 539 arenam).

181 547 274 601 Audiit
286 556 313 600 et
325 548 394 601 coeli
406 551 517 602 Genitor
527 551 562 607 de
574 562 648 621 parte
661 570 756 608 serena
981 560 1034 610 660

181 617 297 670 Intonuit
309 616 417 671 laevum
424 634 432 687 ς
452 627 527 673 sonat
539 637 591 672 una
604 621 694 675 fatifer
704 640 791 677 arcus.

181 686 284 754 Effugit
295 685 458 741 horrendum
469 689 585 742 stridens
596 690 713 744 adducta
725 694 830 762 sagitta,

180 756 284 836 Perque
296 763 376 826 caput
388 757 494 810 Remuli
506 759 580 812 venit
592 768 618 812 et
630 777 698 814 cava
710 770 831 831 tempora
842 760 911 816 ferro

180 824 298 894 Trajrcit.
337 825 370 896 ‘l‚
384 826 474 879 verbis
485 827 611 881 virtutem
624 829 706 884 illude
719 830 857 902 superbis!
954 830 957 834 ’

139 922 142 928 ,
180 893 226 946 Bis
237 894 309 964 capti
321 893 442 964 Phryges
453 894 522 949 haec
533 897 636 952 Rutulis
649 914 774 970 responsa
786 901 944 955 remittunt.²
978 905 1030 957 635

161 968 165 977 ’
179 962 237 1016 llos
249 973 353 1017 tantum
364 967 513 1034 Ascanius5
530 966 628 1020 Teucri
640 968 756 1022 elamore
769 977 923 1042 sequuntur,

180 1032 348 1102 Laetitiaque
360 1033 485 1102 fremunt,
499 1035 655 1105 animosque
668 1038 703 1091 ad
715 1038 803 1092 sidera
814 1039 918 1093 tollunt.

179 1102 308 1156 Aetheria
322 1111 379 1155 tum
391 1102 459 1155 sorte
470 1103 550 1173 plaga
561 1105 672 1160 crinitus
683 1107 778 1178 Apollo

179 1172 301 1241 Desuper
313 1173 445 1225 Ausonias
456 1175 529 1226 acies
541 1174 689 1244 urbemque
702 1176 818 1247 videbat,

177 1240 258 1295 Nube
271 1242 376 1312 sedens,
389 1250 471 1310 atque
483 1241 526 1296 his
537 1244 664 1300 victorem
678 1245 776 1298 affatur
787 1244 894 1300 Iulum:
977 1251 1030 1301 640

112 1318 117 1331 ’
159 1316 165 1329 ’
180 1310 288 1364 ‘Macte
300 1326 369 1363 nora
380 1312 485 1380 virtute,
499 1328 579 1382 puer3
598 1314 637 1367 sio
649 1314 700 1366 itur
711 1314 745 1368 ad
758 1325 838 1383 astra,

119 1392 123 1395 ’
180 1379 227 1432 Dis
236 1379 327 1448 genite
338 1388 365 1432 et
378 1382 498 1449 geniture
510 1382 585 1434 deos.
620 1384 685 1438 Jure
696 1384 787 1438 omnia
799 1382 871 1438 bella
958 1386 962 1395 “

179 1449 266 1502 Gente
278 1449 329 1503 sub
340 1449 465 1502 Assaraci
479 1449 534 1505 fato
546 1459 657 1506 ventura
668 1452 802 1522 resident3

179 1517 239 1572 Neo
250 1526 277 1570 te
290 1517 369 1588 Troja
381 1519 471 1588 capit!
506 1519 591 1573 Simul
603 1520 672 1574 haee
684 1522 783 1575 effatus
794 1520 830 1577 ab
842 1522 896 1576 alto

179 1586 299 1640 Aethere
312 1604 341 1640 se
354 1588 443 1658 mittit,
456 1588 579 1658 spirantis
591 1590 708 1644 dimovet
721 1608 807 1662 auras,
979 1595 1030 1645 645

159 1654 164 1671 ‘
178 1657 381 1737 Ascaniumque
393 1659 468 1727 petit.
504 1658 628 1712 Formam
641 1668 697 1712 tum
711 1662 821 1714 vertitur
832 1661 885 1714 oris

178 1726 327 1795 Antiquom
339 1744 365 1780 rn
378 1725 471 1780 Buten.
508 1727 561 1780 Hie
571 1728 705 1781 Dardanio
717 1729 853 1783 Anchisae

179 1795 305 1865 Armiger
316 1804 380 1848 ante
392 1794 442 1848 fuit
454 1794 577 1865 fidusque
589 1797 623 1850 ad
637 1797 729 1851 limina
741 1807 845 1852 oustos:

180 1864 251 1917 Tum
262 1865 390 1918 comitem
403 1864 517 1918 Ascanio
531 1873 606 1935 pater
616 1865 728 1920 addidit.
765 1867 823 1921 Ibat
836 1866 932 1937 Apollo

111 1970 118 2005 .'
180 1933 277 1986 Omnia
289 1934 419 2002 longaevo
431 1934 534 2003 similis,
547 1952 696 2005 vocemque
708 1935 880 2007 coloremque
980 1939 1032 1990 650

180 2002 216 2056 Et
228 2003 309 2056 arinis
321 2004 397 2057 albos
408 2011 435 2056 et
448 2021 530 2056 saeva
542 2005 680 2058 sonoribus
691 2022 774 2075 arma,

179 2073 270 2141 Atque
283 2072 325 2127 his
336 2071 474 2133 ardentem
489 2073 568 2125 dietis
579 2073 677 2126 affatur
688 2075 792 2128 lulum:

181 2140 235 2194 ‘Sit
247 2143 321 2212 satis,
333 2141 447 2210 Asside,
462 2142 522 2194 telis
534 2142 643 2213 impune
655 2144 812 2198 Numanum

179 2209 331 2280 Oppetiisse
343 2211 397 2264 tuis
403 2227 411 2280 3
429 2211 544 2281 primam
557 2212 627 2265 hano
639 2213 687 2266 tibi
697 2230 813 2282 magnus
823 2211 919 2292 Apollo

109 2336 120 2347 .
180 2280 308 2333 Conoedit
320 2280 437 2349 laudern,
452 2289 478 2333 et
491 2281 600 2351 paribus
611 2299 662 2334 non
675 2283 778 2334 invidet
789 2296 888 2351 armis3
978 2284 1030 2336 655

180 2348 276 2401 Cetera
281 2365 367 2428 parce
388 2364 462 2419 puer,
477 2350 566 2403 bello.²
603 2351 646 2403 Sic
658 2367 732 2403 orsus
744 2350 840 2430 Apollo

180 2417 303 2471 Mortalis
315 2388 403 2471 medlo
415 2428 541 2489 aspectus
553 2436 676 2472 sermone
689 2420 803 2489 reliquit,

181 2487 216 2541 Et
230 2488 319 2557 procul
333 2488 359 2539 in
373 2495 482 2540 tenuem
494 2506 528 2542 es
539 2489 624 2541 oeulis
636 2489 744 2541 evanuit
755 2504 859 2541 auram.

180 2558 322 2623 Agnovere
334 2557 416 2609 deum
430 2574 553 2627 proceres
565 2558 709 2627 divinaque
723 2557 776 2610 tela

152 2684 160 2693 ,
180 2624 356 2695 Dardanidae,
368 2626 577 2696 pharetramque
590 2626 654 2694 fuga
666 2643 775 2679 sensere
786 2632 936 2680 sonantem.
979 2628 1033 2680 660

125 2696 129 2705 “
180 2695 252 2762 Ergo
263 2694 374 2748 avidum
405 2710 493 2763 ugnae
506 2695 585 2749 dietis
595 2711 629 2748 ao
641 2696 750 2749 numine
763 2694 866 2750 Phoebi

180 2764 327 2817 Ascanium
341 2780 358 2833 p
408 2765 495 2833 ibent;
515 2765 566 2844 ipsi
580 2766 607 2817 in
619 2766 766 2818 certamina
778 2780 870 2818 rursus

180 2833 340 2903 Succedunt,
352 2834 512 2903 animasque
524 2851 551 2887 rn
563 2843 655 2904 aperta
668 2835 786 2904 pericula
798 2835 915 2888 mittunt.

179 2902 203 2954 lt
215 2901 316 2955 elamor
327 2902 390 2955 totis
402 2918 449 2972 per
460 2903 659 2973 propugnacula
670 2903 754 2957 muris
761 2920 769 2972 3

108 2986 1027 3009 mm

135 3024 192 3071 620.
237 3023 264 3069 ui
272 3023 334 3083 jorn,
349 3021 497 3069 ora-632.
515 3020 676 3067 Horrasdunr.
708 3017 756 3065 See
772 3018 860 3066 atEcl.
877 3017 911 3066 iii.
924 3021 947 3065 8.
977 3017 1030 3066 Aa·

102 3083 188 3131 dacto.
239 3096 268 3128 ee
284 3090 308 3129 at
319 3095 343 3128 v.
355 3082 505 3129 oon-639.
522 3079 654 3126 Ausonios.
687 3075 734 3124 see
745 3091 769 3135 p.
782 3080 833 3132 160,
847 3077 896 3145 line
907 3079 1031 3126 5.-642,
1061 3119 1064 3126 .

106 3140 231 3189 Genitme
245 3142 310 3189 deor.
347 3141 372 3187 A
391 3139 547 3197 cor'npliment
566 3147 592 3184 to
611 3137 749 3196 Augustus.
782 3134 829 3182 See
845 3150 861 3182 1.
878 3137 1047 3184 asa-oto:

110 3197 343 3261 Vertitur-sormam,
355 3197 494 3246 accusative
505 3195 534 3244 of
540 3194 774 3243 limitanea-647.
791 3193 925 3249 Dardanio,
936 3212 961 3242 ·o
971 3210 1031 3243 une·

104 3256 280 3308 huod-65⁰.
299 3258 396 3308 Ouinia
429 3256 477 3303 See
493 3264 518 3303 at
533 3254 566 3302 iv.
579 3255 633 3301 556.
667 3251 823 3311 Coloremqee.
855 3252 939 3300 Lasts
958 3251 1032 3302 ttsblu

103 3318 188 3368 elided
204 3317 287 3367 before
299 3317 432 3365 Ea-oot.
448 3314 549 3362 Amida.
582 3310 683 3368 Others,
700 3308 918 3359 Amenda-656.
937 3268 1029 3369 dama,
1090 3316 1098 3331 ⁸

103 3378 247 3429 unatim
258 3377 287 3428 oi
299 3373 438 3426 limitation.
