2320 3744
485 271 579 312 araas
599 270 643 313 111.
988 256 1028 317 Π

169 401 225 456 Aut
237 399 309 454 intus
320 399 427 455 clausos
439 409 529 455 satura
540 399 574 454 ad
588 400 728 470 praesepia
739 406 857 454 serrant.

168 471 259 542 Carpit
272 471 346 524 enim
359 471 430 525 vires
440 471 579 541 paullatim
592 471 698 539 uritque
711 469 826 523 videndo
975 476 1027 527 att

170 540 300 608 Femina,
319 557 371 593 neo
382 557 523 594 nemorum
535 541 633 610 patitur
645 539 809 609 meminisse,
823 557 874 594 uec
886 540 997 597 herbae.
1042 566 1047 575 r

170 609 303 663 Dulcibus
314 610 361 662 illa
372 610 483 680 quidem
496 608 633 663 illecebris
644 618 671 661 et
684 626 767 680 saepe
780 610 911 679 superbos

170 679 303 733 Cornibus
313 679 382 733 inter
393 697 424 733 se
436 679 535 747 subigit
547 680 694 733 decernere
705 680 834 733 amantis.

169 749 329 802 -Pasoitur
341 749 367 805 in
380 766 479 818 magna
491 749 545 802 Sila
557 749 673 802 formosa
683 748 836 818 juvence—

169 817 213 874 Illi
225 818 390 872 alternantes
401 819 486 873 multa
498 820 523 872 vi
537 818 637 888 proelia
648 820 764 872 miscent
974 824 1027 874 220

171 887 336 942 Vulneribus
347 888 448 942 crebris
455 905 462 957 3
481 888 546 942 lavit
558 897 616 940 ater
626 904 736 958 corpora
747 888 866 960 sanguis,

170 957 311 1026 versaque
324 958 351 1011 in
362 957 476 1014 obnixos
488 966 634 1027 urguentur
645 975 745 1011 cornua
755 966 833 1010 vasto

170 1027 241 1081 Cum
252 1028 372 1096 gemitu,
390 1027 500 1082 reboant
512 1028 651 1096 silvaeque
662 1035 690 1081 et
701 1027 797 1096 longua
808 1027 950 1099 Olympus.

169 1097 231 1150 Neo
243 1113 302 1151 mos
313 1097 439 1153 bellantis
449 1115 503 1152 uua
515 1097 649 1152 stabulare
656 1114 664 1166 3
682 1097 730 1151 sed
742 1097 811 1150 alter

171 1166 267 1220 Victus
278 1167 341 1235 abit,
354 1167 487 1237 longeque
500 1168 595 1237 ignotis
606 1166 712 1220 exsulat
724 1167 783 1236 oris,
974 1170 1027 1220 22⁶

171 1236 262 1290 Mutia
272 1254 387 1305 gemens
398 1238 571 1306 ignominiam
583 1237 730 1306 plagasque
742 1234 852 1306 superbi

171 1306 295 1377 Victoris,
310 1315 376 1375 tum,
389 1324 457 1378 quos
467 1307 557 1361 amisit
569 1305 676 1376 inultus,
690 1321 804 1385 amores,

172 1376 209 1429 Et
221 1376 327 1430 stabula
338 1376 501 1446 adspectans
512 1377 602 1446 regnis
612 1376 729 1429 excessit
739 1377 829 1429 avitis.

172 1446 244 1513 Ergo
255 1448 329 1500 omni
341 1463 406 1500 cura
418 1447 490 1499 vires
501 1455 618 1515 exercet,
631 1455 659 1499 et
671 1446 741 1499 inter

171 1516 247 1569 Dura
261 1510 330 1569 'acet
344 1532 444 1586 pernox
455 1516 565 1569 instrato
577 1533 643 1570 saxa
654 1514 746 1586 cubili,

172 1533 326 1640 Fraudibus
336 1585 444 1641 hirsutis
455 1595 482 1640 et
495 1585 584 1641 carice
595 1593 689 1656 pastus
699 1593 787 1656 acuta,

173 1655 209 1708 Et
221 1663 306 1708 tentat
318 1673 387 1725 sese,
399 1664 482 1725 atque
495 1656 572 1708 irasci
585 1655 612 1709 in
623 1671 724 1708 cornua
735 1654 817 1708 discit

172 1724 284 1779 Arboris
295 1724 409 1780 obnixus
422 1734 522 1795 trunco,
535 1732 684 1794 ventosque
696 1724 806 1778 lacessit

172 1794 283 1858 Ictibus,
296 1804 350 1847 ets
385 1812 429 1848 rsa
439 1795 474 1848 ad
486 1812 605 1865 pugnam
617 1794 733 1864 proludit
744 1810 836 1847 arena.

98 1870 101 1881 “
172 1863 244 1934 Post,
258 1864 305 1917 ubi
317 1864 460 1918 coiectum
473 1864 686 1934 roburviresque
698 1863 825 1934 refectae,
978 1863 1029 1915 236

173 1932 255 2001 Signa
267 1942 366 2004 movet,
380 1950 564 2004 praecepsque
576 1933 690 1987 oblitum
703 1932 787 1987 fertur
798 1932 825 1986 in
837 1931 943 1987 hostem
950 1946 960 2003 5

173 2001 289 2056 Fluctus
301 2003 340 2057 uti
352 2003 441 2058 medio
454 2005 542 2073 coepit
553 2020 617 2057 cum
628 2002 768 2057 albescere
780 2010 879 2073 ponto,-

173 2071 293 2141 Longius
305 2089 339 2127 ex
351 2073 459 2143 altoque
471 2073 561 2127 sinum
574 2073 655 2127 trahit
661 2089 671 2142 3
687 2081 772 2143 utque
783 2071 891 2125 volutus

173 2143 218 2195 Ad
231 2151 317 2196 terras
329 2144 536 2204 immanesonat
548 2159 597 2212 per
608 2159 681 2212 saxa,
695 2159 785 2212 neque
798 2142 855 2212 ipso

101 2230 108 2235 ·
174 2212 272 2279 Monte
284 2212 371 2265 minor
382 2212 533 2281 procumbit
541 2230 549 2281 3
566 2219 594 2265 at
607 2211 662 2265 ima
673 2220 812 2266 exaestuat
825 2209 900 2266 unda
978 2213 1031 2264 240

175 2281 338 2351 Vertioibus,
352 2282 511 2352 nigramque
522 2283 578 2335 alte
590 2281 723 2352 subjectat
735 2299 855 2335 arenam.
971 2345 976 2349 ζ

211 2352 298 2405 Omne
310 2352 379 2404 adeo
390 2368 477 2420 genus
488 2352 516 2405 in
528 2352 604 2407 tuiis
616 2351 809 2421 hominumque
820 2351 1001 2421 ferarumque,

175 2421 211 2474 Et
259 2438 311 2474 nus
322 2437 495 2491 aequoreum,
508 2422 636 2492 pecudes,
649 2421 738 2493 pictae
758 2438 792 2473 ue
805 2420 935 2491 volucres,
1021 2486 1026 2491 x

175 2491 206 2544 ln
220 2437 305 2544 iberia
315 2492 461 2560 ignemque
475 2500 569 2544 ruunt:
587 2506 663 2544 amor
673 2491 746 2544 omni
768 2507 800 2543 ua
811 2489 895 2543 idem.

175 2561 312 2640 Tempore
325 2578 377 2617 non
388 2560 442 2614 elio
453 2560 602 2614 catulorum
614 2559 697 2613 oblita
709 2560 806 2614 leaena
980 2560 1033 2613 attt

175 2630 286 2683 Soevrm
297 2630 395 2684 errarit
406 2630 518 2700 campis,
532 2646 583 2684 nce
595 2629 689 2683 funera
700 2630 780 2698 vulgo

176 2700 247 2753 Tam
261 2700 348 2754 multa
359 2699 486 2753 informes
498 2701 552 2753 ursi
566 2707 737 2769 stragemque
749 2697 850 2752 dedere

176 2770 230 2824 Per
240 2769 341 2839 silvas3
360 2779 418 2823 tum
431 2786 529 2822 saevus
539 2785 612 2839 aper,
627 2778 683 2822 tum
696 2769 815 2839 pessima
827 2767 911 2838 tigris.

176 2834 246 2908 Heu,
261 2839 334 2893 male
346 2849 405 2892 tum
417 2838 520 2908 Libyae
533 2839 597 2892 solis
607 2847 709 2892 erratur
721 2838 747 2891 in
760 2837 840 2905 agria.

177 2908 276 2962 Nonne
290 2908 373 2978 vides,
387 2917 417 2961 ut
429 2917 483 2961 tota
496 2916 594 2962 tremor
605 2916 739 2978 pertentet
752 2922 883 2976 equorum
983 2908 1036 2958 260
1055 2956 1058 2963 .

178 2978 303 3047 Corpora,
318 2978 342 3031 ai
354 2986 550 3031 tautumnotas
561 2978 625 3030 odor
637 2976 726 3030 attulit
739 2976 837 3028 aurasl

119 3082 129 3091 =
178 3050 221 3101 Ac
234 3064 324 3119 neque
336 3064 383 3100 eos
394 3045 451 3117 jam
463 3046 539 3100 irena
551 3047 647 3115 virum,
661 3063 750 3116 neque
762 3043 875 3098 verbera
886 3059 977 3115 saeva,

179 3119 240 3171 Non
254 3117 357 3187 scopuli
371 3133 504 3185 rupesque
516 3133 602 3170 cavae
614 3126 696 3185 atque
709 3112 817 3183 objecta
829 3112 966 3168 retardant

179 3186 315 3256 Flumina,
326 3195 461 3254 correptos
473 3186 545 3239 unda
557 3184 707 3255 torquentia
719 3183 826 3237 montis.

178 3257 190 3311 l
256 3258 308 3310 mit
320 3256 472 3325 dentesque
484 3255 634 3308 Sabellicus
645 3253 752 3307 exacuit
765 3269 819 3321 sus,
986 3253 1038 3306 28⁸

208 3336 216 3378 t
230 3325 300 3396 pede
313 3324 460 3397 pmsubigit
473 3333 580 3394 terram,
594 3323 670 3377 fricat
682 3323 776 3376 arbore
789 3329 886 3390 costae,

179 3399 271 3464 Atque
283 3394 347 3449 hinc
359 3404 442 3463 atque
454 3393 527 3455 illinc
538 3393 665 3448 humeros
675 3391 712 3446 ad
724 3391 835 3445 vulnera
846 3390 934 3444 durat.

122 3512 124 3521 .
179 3464 254 3526 Quid
264 3463 381 3536 juvenis,
395 3479 524 3533 magnum
536 3463 581 3517 oui
593 3470 682 3517 versat
694 3462 722 3516 in
733 3458 842 3514 ossibus
854 3459 949 3528 mem

573 3562 585 3602 1

613 3673 623 3703 ἱ
