<?xml version="1.0" encoding="UTF-8"?>
<!DOCTYPE html PUBLIC "-//W3C//DTD XHTML 1.0 Transitional//EN"
    "http://www.w3.org/TR/xhtml1/DTD/xhtml1-transitional.dtd">
<html xmlns="http://www.w3.org/1999/xhtml" xml:lang="en" lang="en">
 <head>
  <title>
</title>
<meta http-equiv="Content-Type" content="text/html;charset=utf-8" />
  <meta name='ocr-system' content='tesseract 3.04.00' />
  <meta name='ocr-capabilities' content='ocr_page ocr_carea ocr_par ocr_line ocrx_word'/>
</head>
<body>
  <div class='ocr_page' id='page_1' title='image "./carmina01virggoog_0238.png"; bbox 0 0 2308 3780; ppageno 0'>
   <div class='ocr_carea' id='block_1_1' title="bbox 492 234 1041 297">
    <p class='ocr_par' dir='ltr' id='par_1_1' title="bbox 492 234 1041 297">
     <span class='ocr_line' id='line_1_1' title="bbox 492 234 1041 297; baseline 0.002 -2"><span class='ocrx_word' id='word_1_1' title='bbox 492 241 586 296; x_wconf 76' lang='lat' dir='ltr'><strong>crena</strong></span> <span class='ocrx_word' id='word_1_2' title='bbox 605 257 646 297; x_wconf 83' lang='lat' dir='ltr'><strong>rr.</strong></span> <span class='ocrx_word' id='word_1_3' title='bbox 886 282 894 297; x_wconf 72' lang='grc'>,</span> <span class='ocrx_word' id='word_1_4' title='bbox 970 234 1041 296; x_wconf 70' lang='grc'><strong>000</strong></span> 
     </span>
    </p>
   </div>
   <div class='ocr_carea' id='block_1_2' title="bbox 113 382 1051 2469">
    <p class='ocr_par' dir='ltr' id='par_1_2' title="bbox 113 382 1051 2469">
     <span class='ocr_line' id='line_1_2' title="bbox 160 382 793 454; baseline -0.003 -15"><span class='ocrx_word' id='word_1_5' title='bbox 160 385 216 440; x_wconf 69' lang='lat' dir='ltr'><strong>‘An</strong></span> <span class='ocrx_word' id='word_1_6' title='bbox 229 382 318 454; x_wconf 87' lang='lat' dir='ltr'><strong>Tyriis</strong></span> <span class='ocrx_word' id='word_1_7' title='bbox 328 382 456 453; x_wconf 88' lang='lat' dir='ltr'><strong>omnique</strong></span> <span class='ocrx_word' id='word_1_8' title='bbox 467 401 550 437; x_wconf 83' lang='lat' dir='ltr'><strong>manu</strong></span> <span class='ocrx_word' id='word_1_9' title='bbox 563 384 659 454; x_wconf 81' lang='lat' dir='ltr'><strong>stipata</strong></span> <span class='ocrx_word' id='word_1_10' title='bbox 670 401 793 438; x_wconf 84' lang='lat' dir='ltr'><strong>meorum</strong></span> 
     </span>
     <span class='ocr_line' id='line_1_3' title="bbox 174 453 1029 525; baseline -0.002 -17"><span class='ocrx_word' id='word_1_11' title='bbox 174 453 283 523; x_wconf 83' lang='lat' dir='ltr'><strong>inserar,</strong></span> <span class='ocrx_word' id='word_1_12' title='bbox 297 461 332 522; x_wconf 89' lang='lat' dir='ltr'><strong>et,</strong></span> <span class='ocrx_word' id='word_1_13' title='bbox 346 469 413 522; x_wconf 81' lang='lat' dir='ltr'><strong>quos</strong></span> <span class='ocrx_word' id='word_1_14' title='bbox 426 453 534 507; x_wconf 85' lang='lat' dir='ltr'><strong>Sidonia</strong></span> <span class='ocrx_word' id='word_1_15' title='bbox 545 454 591 507; x_wconf 86' lang='lat' dir='ltr'><strong>rix</strong></span> <span class='ocrx_word' id='word_1_16' title='bbox 602 456 668 508; x_wconf 89' lang='lat' dir='ltr'><strong>urbe</strong></span> <span class='ocrx_word' id='word_1_17' title='bbox 682 454 781 525; x_wconf 84' lang='lat' dir='ltr'><strong>revelli,</strong></span> <span class='ocrx_word' id='word_1_18' title='bbox 977 455 1029 508; x_wconf 73' lang='grc'><strong>545</strong></span> 
     </span>
     <span class='ocr_line' id='line_1_4' title="bbox 174 523 905 594; baseline -0.001 -17"><span class='ocrx_word' id='word_1_19' title='bbox 174 523 276 577; x_wconf 80' lang='lat' dir='ltr'>Rursus</span> <span class='ocrx_word' id='word_1_20' title='bbox 286 540 365 592; x_wconf 84' lang='lat' dir='ltr'><strong>agam</strong></span> <span class='ocrx_word' id='word_1_21' title='bbox 379 523 481 592; x_wconf 77' lang='lat' dir='ltr'>pelago,</span> <span class='ocrx_word' id='word_1_22' title='bbox 495 532 523 575; x_wconf 90' lang='lat' dir='ltr'><strong>et</strong></span> <span class='ocrx_word' id='word_1_23' title='bbox 535 525 623 576; x_wconf 84' lang='lat' dir='ltr'><strong>ventis</strong></span> <span class='ocrx_word' id='word_1_24' title='bbox 634 526 698 577; x_wconf 87' lang='lat' dir='ltr'><strong>dare</strong></span> <span class='ocrx_word' id='word_1_25' title='bbox 711 524 772 577; x_wconf 83' lang='lat' dir='ltr'><strong>vela</strong></span> <span class='ocrx_word' id='word_1_26' title='bbox 783 523 905 594; x_wconf 72' lang='lat' dir='ltr'><strong>jubebat</strong></span> 
     </span>
     <span class='ocr_line' id='line_1_5' title="bbox 174 592 1051 663; baseline 0.001 -17"><span class='ocrx_word' id='word_1_27' title='bbox 174 592 246 652; x_wconf 84' lang='lat' dir='ltr'><strong>Quin</strong></span> <span class='ocrx_word' id='word_1_28' title='bbox 259 609 370 660; x_wconf 85' lang='lat' dir='ltr'><strong>morere,</strong></span> <span class='ocrx_word' id='word_1_29' title='bbox 384 601 413 644; x_wconf 88' lang='lat' dir='ltr'><strong>ut</strong></span> <span class='ocrx_word' id='word_1_30' title='bbox 427 593 521 646; x_wconf 85' lang='lat' dir='ltr'><strong>merita</strong></span> <span class='ocrx_word' id='word_1_31' title='bbox 533 611 570 663; x_wconf 90' lang='lat' dir='ltr'><strong>es,</strong></span> <span class='ocrx_word' id='word_1_32' title='bbox 585 593 709 663; x_wconf 83' lang='lat' dir='ltr'><strong>ferroque</strong></span> <span class='ocrx_word' id='word_1_33' title='bbox 721 604 813 646; x_wconf 88' lang='lat' dir='ltr'><strong>averte</strong></span> <span class='ocrx_word' id='word_1_34' title='bbox 825 593 956 647; x_wconf 86' lang='lat' dir='ltr'><strong>dolorem.</strong></span> <span class='ocrx_word' id='word_1_35' title='bbox 1048 598 1051 603; x_wconf 80' lang='grc'>’</span> 
     </span>
     <span class='ocr_line' id='line_1_6' title="bbox 175 661 824 732; baseline -0.002 -17"><span class='ocrx_word' id='word_1_36' title='bbox 175 662 218 715; x_wconf 88' lang='lat' dir='ltr'><strong>Tu</strong></span> <span class='ocrx_word' id='word_1_37' title='bbox 230 662 348 715; x_wconf 74' lang='lat' dir='ltr'>lacrimis</span> <span class='ocrx_word' id='word_1_38' title='bbox 357 661 447 714; x_wconf 78' lang='lat' dir='ltr'><strong>&#39;evicta</strong></span> <span class='ocrx_word' id='word_1_39' title='bbox 459 663 536 731; x_wconf 88' lang='lat' dir='ltr'><strong>meis,</strong></span> <span class='ocrx_word' id='word_1_40' title='bbox 551 672 578 715; x_wconf 92' lang='lat' dir='ltr'><strong>tu</strong></span> <span class='ocrx_word' id='word_1_41' title='bbox 591 663 678 732; x_wconf 87' lang='lat' dir='ltr'><strong>prima</strong></span> <span class='ocrx_word' id='word_1_42' title='bbox 689 662 824 715; x_wconf 88' lang='lat' dir='ltr'><strong>furentem</strong></span> 
     </span>
     <span class='ocr_line' id='line_1_7' title="bbox 141 731 875 802; baseline -0.001 -17"><span class='ocrx_word' id='word_1_43' title='bbox 141 742 145 748; x_wconf 90' lang='grc'><em>“</em></span> <span class='ocrx_word' id='word_1_44' title='bbox 175 731 233 802; x_wconf 88' lang='lat' dir='ltr'><strong>His,</strong></span> <span class='ocrx_word' id='word_1_45' title='bbox 245 747 382 800; x_wconf 82' lang='lat' dir='ltr'><strong>germana,</strong></span> <span class='ocrx_word' id='word_1_46' title='bbox 396 731 476 785; x_wconf 87' lang='lat' dir='ltr'><strong>malis</strong></span> <span class='ocrx_word' id='word_1_47' title='bbox 487 748 583 785; x_wconf 78' lang='lat' dir='ltr'><strong>oneras</strong></span> <span class='ocrx_word' id='word_1_48' title='bbox 594 743 677 802; x_wconf 90' lang='lat' dir='ltr'><strong>atque</strong></span> <span class='ocrx_word' id='word_1_49' title='bbox 689 732 785 800; x_wconf 86' lang='lat' dir='ltr'><strong>objicis</strong></span> <span class='ocrx_word' id='word_1_50' title='bbox 796 731 875 784; x_wconf 90' lang='lat' dir='ltr'><strong>hosti.</strong></span> 
     </span>
     <span class='ocr_line' id='line_1_8' title="bbox 176 800 1034 871; baseline -0.002 -16"><span class='ocrx_word' id='word_1_51' title='bbox 176 802 237 855; x_wconf 90' lang='lat' dir='ltr'><strong>Non</strong></span> <span class='ocrx_word' id='word_1_52' title='bbox 248 800 324 854; x_wconf 88' lang='lat' dir='ltr'><strong>iicuit</strong></span> <span class='ocrx_word' id='word_1_53' title='bbox 336 800 448 854; x_wconf 81' lang='lat' dir='ltr'>thalami</span> <span class='ocrx_word' id='word_1_54' title='bbox 460 810 601 871; x_wconf 83' lang='lat' dir='ltr'><strong>expertem</strong></span> <span class='ocrx_word' id='word_1_55' title='bbox 612 803 670 855; x_wconf 89' lang='lat' dir='ltr'><strong>sine</strong></span> <span class='ocrx_word' id='word_1_56' title='bbox 682 802 796 856; x_wconf 89' lang='lat' dir='ltr'><strong>crimine</strong></span> <span class='ocrx_word' id='word_1_57' title='bbox 808 802 892 857; x_wconf 83' lang='lat' dir='ltr'><strong>vitam</strong></span> <span class='ocrx_word' id='word_1_58' title='bbox 981 803 1034 854; x_wconf 89' lang='grc'><strong>550</strong></span> 
     </span>
     <span class='ocr_line' id='line_1_9' title="bbox 176 870 839 941; baseline -0.003 -16"><span class='ocrx_word' id='word_1_59' title='bbox 176 871 290 940; x_wconf 77' lang='lat' dir='ltr'>Degere,</span> <span class='ocrx_word' id='word_1_60' title='bbox 303 887 376 924; x_wconf 87' lang='lat' dir='ltr'><strong>more</strong></span> <span class='ocrx_word' id='word_1_61' title='bbox 389 870 470 941; x_wconf 80' lang='lat' dir='ltr'><strong>ferae,</strong></span> <span class='ocrx_word' id='word_1_62' title='bbox 484 871 545 924; x_wconf 73' lang='lat' dir='ltr'><strong>talis</strong></span> <span class='ocrx_word' id='word_1_63' title='bbox 555 888 607 925; x_wconf 84' lang='lat' dir='ltr'><strong>nec</strong></span> <span class='ocrx_word' id='word_1_64' title='bbox 619 882 728 941; x_wconf 87' lang='lat' dir='ltr'><strong>tangere</strong></span> <span class='ocrx_word' id='word_1_65' title='bbox 741 871 839 924; x_wconf 71' lang='lat' dir='ltr'><strong>cerasi</strong></span> 
     </span>
     <span class='ocr_line' id='line_1_10' title="bbox 177 939 845 1011; baseline -0.004 -15"><span class='ocrx_word' id='word_1_66' title='bbox 177 941 237 996; x_wconf 89' lang='lat' dir='ltr'><strong>Non</strong></span> <span class='ocrx_word' id='word_1_67' title='bbox 250 947 357 993; x_wconf 78' lang='lat' dir='ltr'><strong>servate</strong></span> <span class='ocrx_word' id='word_1_68' title='bbox 367 940 444 1009; x_wconf 88' lang='lat' dir='ltr'><strong>fides,</strong></span> <span class='ocrx_word' id='word_1_69' title='bbox 458 940 542 994; x_wconf 89' lang='lat' dir='ltr'><strong>cineri</strong></span> <span class='ocrx_word' id='word_1_70' title='bbox 553 941 684 1011; x_wconf 84' lang='lat' dir='ltr'><strong>promisso</strong></span> <span class='ocrx_word' id='word_1_71' title='bbox 696 939 817 1010; x_wconf 78' lang='lat' dir='ltr'><strong>Sychaeo</strong></span> <span class='ocrx_word' id='word_1_72' title='bbox 826 939 845 994; x_wconf 77' lang='lat'><strong>1²</strong></span> 
     </span>
     <span class='ocr_line' id='line_1_11' title="bbox 212 1009 838 1080; baseline -0.002 -16"><span class='ocrx_word' id='word_1_73' title='bbox 212 1010 314 1064; x_wconf 84' lang='lat' dir='ltr'><strong>Tantos</strong></span> <span class='ocrx_word' id='word_1_74' title='bbox 326 1009 371 1065; x_wconf 89' lang='lat' dir='ltr'><strong>illa</strong></span> <span class='ocrx_word' id='word_1_75' title='bbox 382 1027 430 1064; x_wconf 87' lang='lat' dir='ltr'><strong>suo</strong></span> <span class='ocrx_word' id='word_1_76' title='bbox 442 1011 584 1080; x_wconf 82' lang='lat' dir='ltr'><strong>rumpebat</strong></span> <span class='ocrx_word' id='word_1_77' title='bbox 597 1021 705 1080; x_wconf 81' lang='lat' dir='ltr'><strong>pectore</strong></span> <span class='ocrx_word' id='word_1_78' title='bbox 717 1019 838 1080; x_wconf 80' lang='lat' dir='ltr'><strong>questus.</strong></span> 
     </span>
     <span class='ocr_line' id='line_1_12' title="bbox 177 1078 786 1150; baseline -0.003 -17"><span class='ocrx_word' id='word_1_79' title='bbox 177 1081 285 1133; x_wconf 84' lang='lat' dir='ltr'><strong>Aeneas</strong></span> <span class='ocrx_word' id='word_1_80' title='bbox 297 1080 370 1133; x_wconf 83' lang='lat' dir='ltr'><strong>celse</strong></span> <span class='ocrx_word' id='word_1_81' title='bbox 382 1078 409 1132; x_wconf 91' lang='lat' dir='ltr'><strong>in</strong></span> <span class='ocrx_word' id='word_1_82' title='bbox 421 1081 513 1149; x_wconf 90' lang='lat' dir='ltr'><strong>puppi,</strong></span> <span class='ocrx_word' id='word_1_83' title='bbox 525 1079 581 1150; x_wconf 88' lang='lat' dir='ltr'><strong>jam</strong></span> <span class='ocrx_word' id='word_1_84' title='bbox 594 1089 684 1133; x_wconf 86' lang='lat' dir='ltr'><strong>certus</strong></span> <span class='ocrx_word' id='word_1_85' title='bbox 696 1080 786 1150; x_wconf 85' lang='lat' dir='ltr'><strong>eundi,</strong></span> 
     </span>
     <span class='ocr_line' id='line_1_13' title="bbox 178 1147 1034 1218; baseline -0.001 -16"><span class='ocrx_word' id='word_1_86' title='bbox 178 1148 310 1218; x_wconf 86' lang='lat' dir='ltr'><strong>Carpebat</strong></span> <span class='ocrx_word' id='word_1_87' title='bbox 322 1165 437 1217; x_wconf 83' lang='lat' dir='ltr'><strong>somnos,</strong></span> <span class='ocrx_word' id='word_1_88' title='bbox 452 1150 531 1202; x_wconf 87' lang='lat' dir='ltr'><strong>rebus</strong></span> <span class='ocrx_word' id='word_1_89' title='bbox 539 1147 599 1218; x_wconf 81' lang='lat' dir='ltr'><strong>&#39;jam</strong></span> <span class='ocrx_word' id='word_1_90' title='bbox 612 1151 660 1203; x_wconf 88' lang='lat' dir='ltr'><strong>rite</strong></span> <span class='ocrx_word' id='word_1_91' title='bbox 674 1148 779 1218; x_wconf 84' lang='lat' dir='ltr'><strong>paratis.</strong></span> <span class='ocrx_word' id='word_1_92' title='bbox 981 1150 1034 1202; x_wconf 91' lang='grc'><strong>555</strong></span> 
     </span>
     <span class='ocr_line' id='line_1_14' title="bbox 178 1217 789 1273; baseline 0.002 -2"><span class='ocrx_word' id='word_1_93' title='bbox 178 1217 249 1271; x_wconf 92' lang='lat' dir='ltr'><strong>Huic</strong></span> <span class='ocrx_word' id='word_1_94' title='bbox 260 1235 290 1270; x_wconf 89' lang='lat' dir='ltr'><strong>se</strong></span> <span class='ocrx_word' id='word_1_95' title='bbox 303 1218 388 1271; x_wconf 81' lang='lat' dir='ltr'><strong>forma</strong></span> <span class='ocrx_word' id='word_1_96' title='bbox 400 1218 444 1271; x_wconf 90' lang='lat' dir='ltr'><strong>dei</strong></span> <span class='ocrx_word' id='word_1_97' title='bbox 457 1219 530 1272; x_wconf 89' lang='lat' dir='ltr'><strong>voltu</strong></span> <span class='ocrx_word' id='word_1_98' title='bbox 543 1218 679 1273; x_wconf 88' lang='lat' dir='ltr'><strong>redeuntis</strong></span> <span class='ocrx_word' id='word_1_99' title='bbox 692 1219 789 1272; x_wconf 91' lang='lat' dir='ltr'><strong>eodem</strong></span> 
     </span>
     <span class='ocr_line' id='line_1_15' title="bbox 179 1287 904 1359; baseline 0.001 -19"><span class='ocrx_word' id='word_1_100' title='bbox 179 1287 282 1340; x_wconf 84' lang='lat' dir='ltr'><strong>Obtulit</strong></span> <span class='ocrx_word' id='word_1_101' title='bbox 294 1287 321 1340; x_wconf 94' lang='lat' dir='ltr'><strong>in</strong></span> <span class='ocrx_word' id='word_1_102' title='bbox 333 1289 442 1357; x_wconf 85' lang='lat' dir='ltr'><strong>somnis,</strong></span> <span class='ocrx_word' id='word_1_103' title='bbox 456 1305 601 1358; x_wconf 73' lang='lat' dir='ltr'><strong>rursusque</strong></span> <span class='ocrx_word' id='word_1_104' title='bbox 613 1289 651 1342; x_wconf 88' lang='lat' dir='ltr'><strong>ita</strong></span> <span class='ocrx_word' id='word_1_105' title='bbox 663 1289 721 1342; x_wconf 86' lang='lat' dir='ltr'><strong>visa</strong></span> <span class='ocrx_word' id='word_1_106' title='bbox 733 1304 842 1341; x_wconf 85' lang='lat' dir='ltr'><strong>monere</strong></span> <span class='ocrx_word' id='word_1_107' title='bbox 854 1294 904 1359; x_wconf 89' lang='lat' dir='ltr'><strong>est,</strong></span> 
     </span>
     <span class='ocr_line' id='line_1_16' title="bbox 179 1356 886 1428; baseline 0.001 -18"><span class='ocrx_word' id='word_1_108' title='bbox 179 1356 276 1410; x_wconf 83' lang='lat' dir='ltr'><strong>Omnia</strong></span> <span class='ocrx_word' id='word_1_109' title='bbox 287 1357 424 1411; x_wconf 88' lang='lat' dir='ltr'><strong>Mercurio</strong></span> <span class='ocrx_word' id='word_1_110' title='bbox 436 1358 538 1424; x_wconf 81' lang='lat' dir='ltr'><strong>similis,</strong></span> <span class='ocrx_word' id='word_1_111' title='bbox 552 1374 702 1428; x_wconf 83' lang='lat' dir='ltr'><strong>vocemque</strong></span> <span class='ocrx_word' id='word_1_112' title='bbox 714 1357 886 1428; x_wconf 89' lang='lat' dir='ltr'><strong>coloremque</strong></span> 
     </span>
     <span class='ocr_line' id='line_1_17' title="bbox 179 1426 822 1497; baseline -0.002 -17"><span class='ocrx_word' id='word_1_113' title='bbox 179 1426 215 1480; x_wconf 84' lang='lat' dir='ltr'><strong>Et</strong></span> <span class='ocrx_word' id='word_1_114' title='bbox 227 1426 308 1479; x_wconf 86' lang='lat' dir='ltr'><strong>crinis</strong></span> <span class='ocrx_word' id='word_1_115' title='bbox 319 1427 405 1480; x_wconf 82' lang='lat' dir='ltr'><strong>flavos</strong></span> <span class='ocrx_word' id='word_1_116' title='bbox 416 1435 444 1480; x_wconf 88' lang='lat' dir='ltr'><strong>et</strong></span> <span class='ocrx_word' id='word_1_117' title='bbox 455 1427 578 1481; x_wconf 88' lang='lat' dir='ltr'><strong>membra</strong></span> <span class='ocrx_word' id='word_1_118' title='bbox 589 1427 687 1480; x_wconf 89' lang='lat' dir='ltr'><strong>decora</strong></span> <span class='ocrx_word' id='word_1_119' title='bbox 697 1426 822 1497; x_wconf 80' lang='lat' dir='ltr'><strong>juventa:</strong></span> 
     </span>
     <span class='ocr_line' id='line_1_18' title="bbox 181 1495 1032 1566; baseline -0.001 -17"><span class='ocrx_word' id='word_1_120' title='bbox 181 1496 267 1549; x_wconf 84' lang='lat' dir='ltr'><strong>‘Nate</strong></span> <span class='ocrx_word' id='word_1_121' title='bbox 278 1495 338 1566; x_wconf 88' lang='lat' dir='ltr'><strong>dea,</strong></span> <span class='ocrx_word' id='word_1_122' title='bbox 351 1504 428 1566; x_wconf 89' lang='lat' dir='ltr'><strong>potes</strong></span> <span class='ocrx_word' id='word_1_123' title='bbox 439 1495 489 1550; x_wconf 91' lang='lat' dir='ltr'><strong>boc</strong></span> <span class='ocrx_word' id='word_1_124' title='bbox 502 1497 552 1550; x_wconf 86' lang='lat' dir='ltr'><strong>sub</strong></span> <span class='ocrx_word' id='word_1_125' title='bbox 564 1513 629 1550; x_wconf 82' lang='lat' dir='ltr'><strong>casu</strong></span> <span class='ocrx_word' id='word_1_126' title='bbox 642 1498 743 1551; x_wconf 86' lang='lat' dir='ltr'><strong>ducere</strong></span> <span class='ocrx_word' id='word_1_127' title='bbox 756 1512 872 1565; x_wconf 87' lang='lat' dir='ltr'><strong>somnos,</strong></span> <span class='ocrx_word' id='word_1_128' title='bbox 979 1498 1032 1549; x_wconf 85' lang='grc'><strong>500</strong></span> 
     </span>
     <span class='ocr_line' id='line_1_19' title="bbox 179 1565 917 1636; baseline -0.001 -17"><span class='ocrx_word' id='word_1_129' title='bbox 179 1565 247 1635; x_wconf 88' lang='lat' dir='ltr'><strong>Nec,</strong></span> <span class='ocrx_word' id='word_1_130' title='bbox 261 1581 332 1634; x_wconf 89' lang='lat' dir='ltr'><strong>quae</strong></span> <span class='ocrx_word' id='word_1_131' title='bbox 343 1574 371 1618; x_wconf 90' lang='lat' dir='ltr'><strong>te</strong></span> <span class='ocrx_word' id='word_1_132' title='bbox 382 1565 556 1620; x_wconf 79' lang='lat' dir='ltr'><strong>circumstent</strong></span> <span class='ocrx_word' id='word_1_133' title='bbox 568 1565 666 1619; x_wconf 88' lang='lat' dir='ltr'><strong>deinde</strong></span> <span class='ocrx_word' id='word_1_134' title='bbox 678 1566 805 1636; x_wconf 86' lang='lat' dir='ltr'><strong>pericula,</strong></span> <span class='ocrx_word' id='word_1_135' title='bbox 819 1565 917 1636; x_wconf 88' lang='lat' dir='ltr'><strong>cernis,</strong></span> 
     </span>
     <span class='ocr_line' id='line_1_20' title="bbox 179 1634 943 1706; baseline -0.001 -17"><span class='ocrx_word' id='word_1_136' title='bbox 179 1634 316 1689; x_wconf 78' lang='lat' dir='ltr'><strong>Demens!</strong></span> <span class='ocrx_word' id='word_1_137' title='bbox 336 1652 388 1689; x_wconf 89' lang='lat' dir='ltr'><strong>nec</strong></span> <span class='ocrx_word' id='word_1_138' title='bbox 399 1635 535 1706; x_wconf 87' lang='lat' dir='ltr'><strong>Zephyros</strong></span> <span class='ocrx_word' id='word_1_139' title='bbox 547 1636 626 1689; x_wconf 87' lang='lat' dir='ltr'><strong>audis</strong></span> <span class='ocrx_word' id='word_1_140' title='bbox 638 1638 738 1705; x_wconf 81' lang='lat' dir='ltr'><strong>spirare</strong></span> <span class='ocrx_word' id='word_1_141' title='bbox 751 1634 905 1689; x_wconf 70' lang='lat' dir='ltr'><strong>secundosi</strong></span> <span class='ocrx_word' id='word_1_142' title='bbox 937 1663 943 1672; x_wconf 87' lang='lat'><strong>·</strong></span> 
     </span>
     <span class='ocr_line' id='line_1_21' title="bbox 180 1704 833 1776; baseline 0.002 -19"><span class='ocrx_word' id='word_1_143' title='bbox 180 1704 231 1758; x_wconf 84' lang='lat' dir='ltr'><strong>Illa</strong></span> <span class='ocrx_word' id='word_1_144' title='bbox 242 1704 318 1758; x_wconf 88' lang='lat' dir='ltr'><strong>dolos</strong></span> <span class='ocrx_word' id='word_1_145' title='bbox 329 1704 472 1773; x_wconf 87' lang='lat' dir='ltr'><strong>dirumque</strong></span> <span class='ocrx_word' id='word_1_146' title='bbox 484 1705 563 1760; x_wconf 85' lang='lat' dir='ltr'><strong>nefas</strong></span> <span class='ocrx_word' id='word_1_147' title='bbox 575 1706 601 1757; x_wconf 93' lang='lat' dir='ltr'><strong>in</strong></span> <span class='ocrx_word' id='word_1_148' title='bbox 614 1715 723 1773; x_wconf 88' lang='lat' dir='ltr'><strong>pectore</strong></span> <span class='ocrx_word' id='word_1_149' title='bbox 735 1713 833 1776; x_wconf 78' lang='lat' dir='ltr'><strong>versat,</strong></span> 
     </span>
     <span class='ocr_line' id='line_1_22' title="bbox 181 1774 822 1843; baseline 0 -16"><span class='ocrx_word' id='word_1_150' title='bbox 181 1775 260 1827; x_wconf 90' lang='lat' dir='ltr'><strong>Certa</strong></span> <span class='ocrx_word' id='word_1_151' title='bbox 271 1774 339 1828; x_wconf 90' lang='lat' dir='ltr'><strong>mori</strong></span> <span class='ocrx_word' id='word_1_152' title='bbox 360 1774 489 1843; x_wconf 78' lang='lat' dir='ltr'><strong>varioque</strong></span> <span class='ocrx_word' id='word_1_153' title='bbox 500 1776 599 1828; x_wconf 75' lang='lat' dir='ltr'><strong>irarum</strong></span> <span class='ocrx_word' id='word_1_154' title='bbox 612 1774 724 1828; x_wconf 86' lang='lat' dir='ltr'><strong>fluctuat</strong></span> <span class='ocrx_word' id='word_1_155' title='bbox 735 1782 822 1827; x_wconf 86' lang='lat' dir='ltr'><strong>aestu.</strong></span> 
     </span>
     <span class='ocr_line' id='line_1_23' title="bbox 179 1814 1034 1914; baseline -0.005 -15"><span class='ocrx_word' id='word_1_156' title='bbox 179 1844 242 1899; x_wconf 89' lang='lat' dir='ltr'><strong>Non</strong></span> <span class='ocrx_word' id='word_1_157' title='bbox 253 1843 325 1912; x_wconf 86' lang='lat' dir='ltr'><strong>sugis</strong></span> <span class='ocrx_word' id='word_1_158' title='bbox 335 1814 400 1897; x_wconf 81' lang='lat' dir='ltr'><strong>irinc</strong></span> <span class='ocrx_word' id='word_1_159' title='bbox 412 1859 550 1913; x_wconf 89' lang='lat' dir='ltr'><strong>praeceps,</strong></span> <span class='ocrx_word' id='word_1_160' title='bbox 560 1843 626 1898; x_wconf 91' lang='lat' dir='ltr'><strong>dum</strong></span> <span class='ocrx_word' id='word_1_161' title='bbox 638 1845 813 1914; x_wconf 79' lang='lat' dir='ltr'><strong>praecipitare</strong></span> <span class='ocrx_word' id='word_1_162' title='bbox 825 1841 963 1912; x_wconf 65' lang='lat' dir='ltr'><strong>potestat</strong></span> <span class='ocrx_word' id='word_1_163' title='bbox 982 1844 1034 1896; x_wconf 86' lang='grc'><strong>505</strong></span> 
     </span>
     <span class='ocr_line' id='line_1_24' title="bbox 113 1912 863 1982; baseline -0.004 -15"><span class='ocrx_word' id='word_1_164' title='bbox 113 1972 117 1977; x_wconf 58' lang='grc'><strong>,</strong></span> <span class='ocrx_word' id='word_1_165' title='bbox 179 1913 243 1968; x_wconf 81' lang='lat' dir='ltr'><strong>tam</strong></span> <span class='ocrx_word' id='word_1_166' title='bbox 254 1929 330 1967; x_wconf 83' lang='lat' dir='ltr'><strong>mars</strong></span> <span class='ocrx_word' id='word_1_167' title='bbox 342 1913 442 1966; x_wconf 80' lang='lat' dir='ltr'><strong>turbari</strong></span> <span class='ocrx_word' id='word_1_168' title='bbox 454 1913 582 1982; x_wconf 84' lang='lat' dir='ltr'><strong>trabibus,</strong></span> <span class='ocrx_word' id='word_1_169' title='bbox 595 1930 745 1982; x_wconf 84' lang='lat' dir='ltr'><strong>saevasque</strong></span> <span class='ocrx_word' id='word_1_170' title='bbox 757 1912 863 1966; x_wconf 84' lang='lat' dir='ltr'><strong>videbis</strong></span> 
     </span>
     <span class='ocr_line' id='line_1_25' title="bbox 180 1981 833 2052; baseline 0.002 -18"><span class='ocrx_word' id='word_1_171' title='bbox 180 1982 320 2036; x_wconf 87' lang='lat' dir='ltr'><strong>Collucere</strong></span> <span class='ocrx_word' id='word_1_172' title='bbox 332 1981 415 2051; x_wconf 82' lang='lat' dir='ltr'><strong>faces,</strong></span> <span class='ocrx_word' id='word_1_173' title='bbox 428 1981 484 2050; x_wconf 81' lang='lat' dir='ltr'><strong>jem</strong></span> <span class='ocrx_word' id='word_1_174' title='bbox 497 1982 604 2035; x_wconf 83' lang='lat' dir='ltr'><strong>fervere</strong></span> <span class='ocrx_word' id='word_1_175' title='bbox 615 1983 693 2036; x_wconf 78' lang='lat' dir='ltr'><strong>litore</strong></span> <span class='ocrx_word' id='word_1_176' title='bbox 705 1982 833 2052; x_wconf 87' lang='lat' dir='ltr'><strong>flammis,</strong></span> 
     </span>
     <span class='ocr_line' id='line_1_26' title="bbox 180 2050 802 2120; baseline -0.002 -14"><span class='ocrx_word' id='word_1_177' title='bbox 180 2051 208 2106; x_wconf 83' lang='lat' dir='ltr'><strong>si</strong></span> <span class='ocrx_word' id='word_1_178' title='bbox 220 2059 249 2105; x_wconf 88' lang='lat' dir='ltr'><strong>te</strong></span> <span class='ocrx_word' id='word_1_179' title='bbox 259 2050 303 2105; x_wconf 89' lang='lat' dir='ltr'><strong>bis</strong></span> <span class='ocrx_word' id='word_1_180' title='bbox 313 2051 429 2120; x_wconf 83' lang='lat' dir='ltr'><strong>attigerit</strong></span> <span class='ocrx_word' id='word_1_181' title='bbox 442 2052 517 2105; x_wconf 86' lang='lat' dir='ltr'><strong>terris</strong></span> <span class='ocrx_word' id='word_1_182' title='bbox 529 2054 633 2105; x_wconf 87' lang='lat' dir='ltr'><strong>Aurora</strong></span> <span class='ocrx_word' id='word_1_183' title='bbox 644 2063 802 2106; x_wconf 88' lang='lat' dir='ltr'><strong>morantem.</strong></span> 
     </span>
     <span class='ocr_line' id='line_1_27' title="bbox 180 2119 974 2191; baseline -0.003 -16"><span class='ocrx_word' id='word_1_184' title='bbox 180 2120 233 2175; x_wconf 80' lang='lat' dir='ltr'><strong>Eia</strong></span> <span class='ocrx_word' id='word_1_185' title='bbox 244 2137 303 2190; x_wconf 80' lang='lat' dir='ltr'><strong>age,</strong></span> <span class='ocrx_word' id='word_1_186' title='bbox 317 2137 412 2190; x_wconf 88' lang='lat' dir='ltr'><strong>mmpe</strong></span> <span class='ocrx_word' id='word_1_187' title='bbox 425 2137 519 2174; x_wconf 85' lang='lat' dir='ltr'><strong>moras.</strong></span> <span class='ocrx_word' id='word_1_188' title='bbox 557 2121 669 2175; x_wconf 88' lang='lat' dir='ltr'><strong>Varium</strong></span> <span class='ocrx_word' id='word_1_189' title='bbox 682 2130 709 2174; x_wconf 88' lang='lat' dir='ltr'><strong>et</strong></span> <span class='ocrx_word' id='word_1_190' title='bbox 721 2119 852 2175; x_wconf 88' lang='lat' dir='ltr'><strong>mutabile</strong></span> <span class='ocrx_word' id='word_1_191' title='bbox 864 2135 974 2191; x_wconf 84' lang='lat' dir='ltr'><strong>semper</strong></span> 
     </span>
     <span class='ocr_line' id='line_1_28' title="bbox 179 2189 1034 2245; baseline -0.002 -1"><span class='ocrx_word' id='word_1_192' title='bbox 179 2189 313 2244; x_wconf 75' lang='lat' dir='ltr'><strong>Femina.²</strong></span> <span class='ocrx_word' id='word_1_193' title='bbox 350 2190 393 2244; x_wconf 85' lang='lat' dir='ltr'><strong>Sic</strong></span> <span class='ocrx_word' id='word_1_194' title='bbox 405 2189 476 2243; x_wconf 78' lang='lat' dir='ltr'><strong>fatus</strong></span> <span class='ocrx_word' id='word_1_195' title='bbox 487 2191 556 2243; x_wconf 91' lang='lat' dir='ltr'><strong>nocti</strong></span> <span class='ocrx_word' id='word_1_196' title='bbox 569 2207 599 2243; x_wconf 86' lang='lat' dir='ltr'><strong>se</strong></span> <span class='ocrx_word' id='word_1_197' title='bbox 611 2191 759 2245; x_wconf 86' lang='lat' dir='ltr'><strong>immiscuit</strong></span> <span class='ocrx_word' id='word_1_198' title='bbox 770 2200 854 2244; x_wconf 85' lang='lat' dir='ltr'><strong>atras.</strong></span> <span class='ocrx_word' id='word_1_199' title='bbox 980 2191 1034 2243; x_wconf 84' lang='grc'><strong>570</strong></span> 
     </span>
     <span class='ocr_line' id='line_1_29' title="bbox 214 2259 878 2330; baseline -0.002 -18"><span class='ocrx_word' id='word_1_200' title='bbox 214 2260 287 2315; x_wconf 88' lang='lat' dir='ltr'><strong>Tum</strong></span> <span class='ocrx_word' id='word_1_201' title='bbox 298 2276 362 2313; x_wconf 86' lang='lat' dir='ltr'><strong>vero</strong></span> <span class='ocrx_word' id='word_1_202' title='bbox 374 2263 491 2328; x_wconf 82' lang='lat' dir='ltr'><strong>Aeneas,</strong></span> <span class='ocrx_word' id='word_1_203' title='bbox 505 2259 601 2314; x_wconf 89' lang='lat' dir='ltr'><strong>subitis</strong></span> <span class='ocrx_word' id='word_1_204' title='bbox 613 2261 756 2314; x_wconf 82' lang='lat' dir='ltr'><strong>exterritus</strong></span> <span class='ocrx_word' id='word_1_205' title='bbox 768 2259 878 2330; x_wconf 89' lang='lat' dir='ltr'><strong>umbris,</strong></span> 
     </span>
     <span class='ocr_line' id='line_1_30' title="bbox 177 2328 811 2400; baseline 0.002 -19"><span class='ocrx_word' id='word_1_206' title='bbox 177 2328 292 2399; x_wconf 85' lang='lat' dir='ltr'><strong>Corripit</strong></span> <span class='ocrx_word' id='word_1_207' title='bbox 304 2345 321 2382; x_wconf 91' lang='lat' dir='ltr'><strong>e</strong></span> <span class='ocrx_word' id='word_1_208' title='bbox 334 2345 428 2382; x_wconf 82' lang='lat' dir='ltr'><strong>somno</strong></span> <span class='ocrx_word' id='word_1_209' title='bbox 440 2345 536 2399; x_wconf 82' lang='lat' dir='ltr'><strong>corpus</strong></span> <span class='ocrx_word' id='word_1_210' title='bbox 548 2329 689 2400; x_wconf 83' lang='lat' dir='ltr'><strong>sociosque</strong></span> <span class='ocrx_word' id='word_1_211' title='bbox 700 2330 811 2399; x_wconf 82' lang='lat' dir='ltr'><strong>fatigat:</strong></span> 
     </span>
     <span class='ocr_line' id='line_1_31' title="bbox 179 2395 893 2469; baseline -0.006 -17"><span class='ocrx_word' id='word_1_212' title='bbox 179 2398 363 2468; x_wconf 86' lang='lat' dir='ltr'><strong>‘Praecipites</strong></span> <span class='ocrx_word' id='word_1_213' title='bbox 373 2399 491 2469; x_wconf 78' lang='lat' dir='ltr'><strong>vigilate,</strong></span> <span class='ocrx_word' id='word_1_214' title='bbox 505 2398 563 2469; x_wconf 86' lang='lat' dir='ltr'><strong>viri,</strong></span> <span class='ocrx_word' id='word_1_215' title='bbox 577 2408 604 2452; x_wconf 91' lang='lat' dir='ltr'><strong>et</strong></span> <span class='ocrx_word' id='word_1_216' title='bbox 616 2399 746 2453; x_wconf 83' lang='lat' dir='ltr'><strong>considite</strong></span> <span class='ocrx_word' id='word_1_217' title='bbox 759 2395 893 2466; x_wconf 74' lang='lat' dir='ltr'><strong>mostris5</strong></span> 
     </span>
    </p>
   </div>
   <div class='ocr_carea' id='block_1_3' title="bbox 104 2544 1035 2674">
    <p class='ocr_par' dir='ltr' id='par_1_3' title="bbox 104 2544 1035 2674">
     <span class='ocr_line' id='line_1_32' title="bbox 136 2544 1031 2612; baseline -0.008 -13"><span class='ocrx_word' id='word_1_218' title='bbox 136 2553 192 2599; x_wconf 76' lang='lat' dir='ltr'><strong>ott.</strong></span> <span class='ocrx_word' id='word_1_219' title='bbox 208 2549 292 2599; x_wconf 80' lang='lat' dir='ltr'><strong>Manu</strong></span> <span class='ocrx_word' id='word_1_220' title='bbox 301 2551 400 2612; x_wconf 79' lang='lat' dir='ltr'><strong>stipato.</strong></span> <span class='ocrx_word' id='word_1_221' title='bbox 431 2549 479 2599; x_wconf 81' lang='lat' dir='ltr'><strong>See</strong></span> <span class='ocrx_word' id='word_1_222' title='bbox 490 2564 505 2597; x_wconf 90' lang='lat' dir='ltr'><strong>a</strong></span> <span class='ocrx_word' id='word_1_223' title='bbox 515 2546 609 2597; x_wconf 77' lang='lat' dir='ltr'><strong>similar</strong></span> <span class='ocrx_word' id='word_1_224' title='bbox 620 2547 785 2596; x_wconf 89' lang='lat' dir='ltr'><strong>construction</strong></span> <span class='ocrx_word' id='word_1_225' title='bbox 793 2546 856 2594; x_wconf 84' lang='lat' dir='ltr'><strong>with</strong></span> <span class='ocrx_word' id='word_1_226' title='bbox 866 2546 1001 2602; x_wconf 76' lang='lat' dir='ltr'><strong>comitatos,</strong></span> <span class='ocrx_word' id='word_1_227' title='bbox 1014 2544 1031 2592; x_wconf 94' lang='lat' dir='ltr'><strong>i.</strong></span> 
     </span>
     <span class='ocr_line' id='line_1_33' title="bbox 104 2604 1035 2674; baseline -0.011 -13"><span class='ocrx_word' id='word_1_228' title='bbox 104 2612 258 2661; x_wconf 68' lang='lat' dir='ltr'><strong>erc-545.</strong></span> <span class='ocrx_word' id='word_1_229' title='bbox 274 2608 385 2657; x_wconf 77' lang='lat' dir='ltr'><strong>Sidonio.</strong></span> <span class='ocrx_word' id='word_1_230' title='bbox 417 2607 465 2656; x_wconf 86' lang='lat' dir='ltr'><strong>See</strong></span> <span class='ocrx_word' id='word_1_231' title='bbox 476 2612 515 2664; x_wconf 86' lang='grc'><strong>75,</strong></span> <span class='ocrx_word' id='word_1_232' title='bbox 528 2607 575 2656; x_wconf 86' lang='lat' dir='ltr'><strong>and</strong></span> <span class='ocrx_word' id='word_1_233' title='bbox 587 2607 602 2655; x_wconf 85' lang='lat' dir='ltr'><strong>i.</strong></span> <span class='ocrx_word' id='word_1_234' title='bbox 612 2610 760 2656; x_wconf 74' lang='lat' dir='ltr'><strong>eet—552.</strong></span> <span class='ocrx_word' id='word_1_235' title='bbox 778 2605 882 2674; x_wconf 64' lang='lat' dir='ltr'><strong>Sychaeo</strong></span> <span class='ocrx_word' id='word_1_236' title='bbox 893 2604 953 2652; x_wconf 88' lang='lat' dir='ltr'><strong>used</strong></span> <span class='ocrx_word' id='word_1_237' title='bbox 965 2620 992 2652; x_wconf 83' lang='lat' dir='ltr'><strong>us</strong></span> <span class='ocrx_word' id='word_1_238' title='bbox 1003 2618 1035 2652; x_wconf 83' lang='lat' dir='ltr'><strong>un</strong></span> 
     </span>
    </p>
   </div>
   <div class='ocr_carea' id='block_1_4' title="bbox 15 2663 1035 2730">
    <p class='ocr_par' dir='ltr' id='par_1_4' title="bbox 15 2663 1035 2730">
     <span class='ocr_line' id='line_1_34' title="bbox 15 2663 1035 2730; baseline -0.009 -12"><span class='ocrx_word' id='word_1_239' title='bbox 15 2704 16 2707; x_wconf 51' lang='lat'><em>=</em></span> <span class='ocrx_word' id='word_1_240' title='bbox 104 2667 337 2730; x_wconf 62' lang='lat' dir='ltr'><strong>dicetne—553.</strong></span> <span class='ocrx_word' id='word_1_241' title='bbox 347 2667 411 2724; x_wconf 72' lang='lat' dir='ltr'><strong>illo,</strong></span> <span class='ocrx_word' id='word_1_242' title='bbox 424 2666 564 2717; x_wconf 84' lang='lat' dir='ltr'><strong>contrasted</strong></span> <span class='ocrx_word' id='word_1_243' title='bbox 575 2666 637 2714; x_wconf 89' lang='lat' dir='ltr'><strong>with</strong></span> <span class='ocrx_word' id='word_1_244' title='bbox 647 2665 751 2722; x_wconf 77' lang='lat' dir='ltr'><strong>Aeneas,</strong></span> <span class='ocrx_word' id='word_1_245' title='bbox 765 2666 849 2725; x_wconf 81' lang='lat' dir='ltr'><strong>brings</strong></span> <span class='ocrx_word' id='word_1_246' title='bbox 865 2674 908 2711; x_wconf 93' lang='lat' dir='ltr'><strong>out</strong></span> <span class='ocrx_word' id='word_1_247' title='bbox 925 2663 967 2711; x_wconf 89' lang='lat' dir='ltr'><strong>the</strong></span> <span class='ocrx_word' id='word_1_248' title='bbox 982 2671 1035 2710; x_wconf 85' lang='lat' dir='ltr'><strong>two</strong></span> 
     </span>
    </p>
   </div>
   <div class='ocr_carea' id='block_1_5' title="bbox 105 2722 1036 3499">
    <p class='ocr_par' dir='ltr' id='par_1_5' title="bbox 105 2722 1036 3499">
     <span class='ocr_line' id='line_1_35' title="bbox 139 2722 1035 2832; baseline -0.007 -56"><span class='ocrx_word' id='word_1_249' title='bbox 139 2728 230 2789; x_wconf 81' lang='lat' dir='ltr'><strong>posing</strong></span> <span class='ocrx_word' id='word_1_250' title='bbox 240 2727 357 2796; x_wconf 74' lang='lat' dir='ltr'><strong>pietates,</strong></span> <span class='ocrx_word' id='word_1_251' title='bbox 370 2727 399 2775; x_wconf 85' lang='lat' dir='ltr'><strong>of</strong></span> <span class='ocrx_word' id='word_1_252' title='bbox 411 2725 452 2774; x_wconf 89' lang='lat' dir='ltr'><strong>the</strong></span> <span class='ocrx_word' id='word_1_253' title='bbox 468 2726 572 2832; x_wconf 47' lang='lat' dir='ltr'><strong>queelp’s</strong></span> <span class='ocrx_word' id='word_1_254' title='bbox 583 2725 699 2785; x_wconf 85' lang='lat' dir='ltr'><strong>position,</strong></span> <span class='ocrx_word' id='word_1_255' title='bbox 712 2724 759 2831; x_wconf 62' lang='lat' dir='ltr'><strong>ang</strong></span> <span class='ocrx_word' id='word_1_256' title='bbox 771 2724 823 2772; x_wconf 83' lang='lat' dir='ltr'><strong>that</strong></span> <span class='ocrx_word' id='word_1_257' title='bbox 839 2722 868 2771; x_wconf 87' lang='lat' dir='ltr'><strong>os</strong></span> <span class='ocrx_word' id='word_1_258' title='bbox 880 2722 1035 2830; x_wconf 46' lang='lat' dir='ltr'><strong>{eneasgpen</strong></span> 
     </span>
     <span class='ocr_line' id='line_1_36' title="bbox 105 2785 1034 2912; baseline -0.01 -15"><span class='ocrx_word' id='word_1_259' title='bbox 105 2785 711 2903; x_wconf 48' lang='lat' dir='ltr'><strong>ffimdfiiisuioiiiirivi&#39;iiiimiriiiinfwtiiiie</strong></span> <span class='ocrx_word' id='word_1_260' title='bbox 722 2786 901 2912; x_wconf 51' lang='lat' dir='ltr'><strong>Meeffcffih</strong></span> <span class='ocrx_word' id='word_1_261' title='bbox 913 2797 979 2889; x_wconf 64' lang='lat' dir='ltr'><strong>iihat</strong></span> <span class='ocrx_word' id='word_1_262' title='bbox 995 2815 1034 2888; x_wconf 58' lang='lat' dir='ltr'><strong>re:</strong></span> 
     </span>
     <span class='ocr_line' id='line_1_37' title="bbox 105 2898 1034 2973; baseline -0.009 -18"><span class='ocrx_word' id='word_1_263' title='bbox 105 2904 257 2966; x_wconf 78' lang='lat' dir='ltr'><strong>spectt-In</strong></span> <span class='ocrx_word' id='word_1_264' title='bbox 273 2903 361 2973; x_wconf 72' lang='lat' dir='ltr'><strong>sllres</strong></span> <span class='ocrx_word' id='word_1_265' title='bbox 394 2914 441 2953; x_wconf 89' lang='lat' dir='ltr'><strong>cts.</strong></span> <span class='ocrx_word' id='word_1_266' title='bbox 471 2901 787 2973; x_wconf 62' lang='lat' dir='ltr'><strong>Se0216,andEcl.r.553</strong></span> <span class='ocrx_word' id='word_1_267' title='bbox 840 2898 1034 2961; x_wconf 64' lang='lat' dir='ltr'><strong>olorenqumhe</strong></span> 
     </span>
     <span class='ocr_line' id='line_1_38' title="bbox 106 2957 1033 3025; baseline -0.01 -11"><span class='ocrx_word' id='word_1_268' title='bbox 106 2965 156 3015; x_wconf 75' lang='lat' dir='ltr'><strong>lest</strong></span> <span class='ocrx_word' id='word_1_269' title='bbox 166 2964 274 3025; x_wconf 78' lang='lat' dir='ltr'><strong>syllable</strong></span> <span class='ocrx_word' id='word_1_270' title='bbox 289 2963 354 3012; x_wconf 77' lang='lat' dir='ltr'><strong>elide</strong></span> <span class='ocrx_word' id='word_1_271' title='bbox 382 2963 465 3012; x_wconf 83' lang='lat' dir='ltr'><strong>before</strong></span> <span class='ocrx_word' id='word_1_272' title='bbox 476 2965 602 3011; x_wconf 58' lang='lat' dir='ltr'><strong>ere-561.</strong></span> <span class='ocrx_word' id='word_1_273' title='bbox 618 2959 721 3017; x_wconf 72' lang='lat' dir='ltr'><strong>Danda,</strong></span> <span class='ocrx_word' id='word_1_274' title='bbox 733 2961 764 3010; x_wconf 89' lang='lat' dir='ltr'><strong>de</strong></span> <span class='ocrx_word' id='word_1_275' title='bbox 780 2969 814 3008; x_wconf 88' lang='lat' dir='ltr'><strong>rta</strong></span> <span class='ocrx_word' id='word_1_276' title='bbox 829 2958 933 3020; x_wconf 85' lang='lat' dir='ltr'><strong>agendo,</strong></span> <span class='ocrx_word' id='word_1_277' title='bbox 947 2973 974 3007; x_wconf 80' lang='lat' dir='ltr'><strong>as</strong></span> <span class='ocrx_word' id='word_1_278' title='bbox 990 2957 1033 3006; x_wconf 83' lang='lat' dir='ltr'><strong>tho</strong></span> 
     </span>
     <span class='ocr_line' id='line_1_39' title="bbox 105 3017 1035 3083; baseline -0.012 -8"><span class='ocrx_word' id='word_1_279' title='bbox 105 3038 282 3083; x_wconf 75' lang='lat' dir='ltr'><strong>consequence</strong></span> <span class='ocrx_word' id='word_1_280' title='bbox 295 3022 324 3071; x_wconf 86' lang='lat' dir='ltr'><strong>of</strong></span> <span class='ocrx_word' id='word_1_281' title='bbox 337 3038 399 3083; x_wconf 86' lang='lat' dir='ltr'><strong>your</strong></span> <span class='ocrx_word' id='word_1_282' title='bbox 408 3031 507 3081; x_wconf 86' lang='lat' dir='ltr'><strong>present</strong></span> <span class='ocrx_word' id='word_1_283' title='bbox 518 3021 768 3081; x_wconf 64' lang='lat' dir='ltr'><strong>cupiosum—564.</strong></span> <span class='ocrx_word' id='word_1_284' title='bbox 787 3019 850 3068; x_wconf 89' lang='lat' dir='ltr'><strong>Gom</strong></span> <span class='ocrx_word' id='word_1_285' title='bbox 868 3017 967 3066; x_wconf 84' lang='lat' dir='ltr'><strong>arethe</strong></span> <span class='ocrx_word' id='word_1_286' title='bbox 984 3028 1035 3065; x_wconf 87' lang='lat' dir='ltr'><strong>two</strong></span> 
     </span>
     <span class='ocr_line' id='line_1_40' title="bbox 105 3080 1035 3149; baseline -0.011 -16"><span class='ocrx_word' id='word_1_287' title='bbox 105 3082 291 3133; x_wconf 78' lang='lat' dir='ltr'><strong>constructione</strong></span> <span class='ocrx_word' id='word_1_288' title='bbox 306 3090 371 3131; x_wconf 82' lang='lat' dir='ltr'><strong>certo</strong></span> <span class='ocrx_word' id='word_1_289' title='bbox 390 3083 459 3137; x_wconf 84' lang='lat' dir='ltr'><strong>mori,</strong></span> <span class='ocrx_word' id='word_1_290' title='bbox 476 3080 524 3129; x_wconf 83' lang='lat' dir='ltr'><strong>aud</strong></span> <span class='ocrx_word' id='word_1_291' title='bbox 539 3089 618 3149; x_wconf 61' lang='lat' dir='ltr'><strong>rerem</strong></span> <span class='ocrx_word' id='word_1_292' title='bbox 634 3081 717 3135; x_wconf 70' lang='lat' dir='ltr'><strong>enodi,</strong></span> <span class='ocrx_word' id='word_1_293' title='bbox 735 3081 790 3134; x_wconf 80' lang='grc'><strong>554,</strong></span> <span class='ocrx_word' id='word_1_294' title='bbox 807 3093 838 3148; x_wconf 76' lang='lat' dir='ltr'><strong>ep</strong></span> <span class='ocrx_word' id='word_1_295' title='bbox 870 3092 913 3125; x_wconf 86' lang='lat' dir='ltr'><strong>see</strong></span> <span class='ocrx_word' id='word_1_296' title='bbox 929 3085 1035 3146; x_wconf 71' lang='lat' dir='ltr'><strong>noteon</strong></span> 
     </span>
     <span class='ocr_line' id='line_1_41' title="bbox 107 3134 1033 3203; baseline -0.011 -12"><span class='ocrx_word' id='word_1_297' title='bbox 107 3146 160 3193; x_wconf 77' lang='grc'><strong>110.</strong></span> <span class='ocrx_word' id='word_1_298' title='bbox 168 3145 259 3191; x_wconf 59' lang='grc'><strong>*565</strong></span> <span class='ocrx_word' id='word_1_299' title='bbox 275 3140 441 3203; x_wconf 76' lang='lat' dir='ltr'><strong>Praecipitare</strong></span> <span class='ocrx_word' id='word_1_300' title='bbox 451 3149 484 3188; x_wconf 87' lang='lat' dir='ltr'><strong>te.</strong></span> <span class='ocrx_word' id='word_1_301' title='bbox 516 3138 564 3188; x_wconf 84' lang='lat' dir='ltr'><strong>See</strong></span> <span class='ocrx_word' id='word_1_302' title='bbox 575 3155 590 3188; x_wconf 78' lang='grc' dir='ltr'>ι</span> <span class='ocrx_word' id='word_1_303' title='bbox 600 3140 749 3187; x_wconf 61' lang='lat' dir='ltr'><strong>ecc-569.</strong></span> <span class='ocrx_word' id='word_1_304' title='bbox 766 3134 875 3187; x_wconf 80' lang='lat' dir='ltr'><strong>Vanum.</strong></span> <span class='ocrx_word' id='word_1_305' title='bbox 888 3171 895 3184; x_wconf 87' lang='lat'><strong>.</strong></span> <span class='ocrx_word' id='word_1_306' title='bbox 907 3171 913 3184; x_wconf 92' lang='lat'>.</span> <span class='ocrx_word' id='word_1_307' title='bbox 925 3135 1033 3202; x_wconf 68' lang='lat' dir='ltr'><strong>Fercem.</strong></span> 
     </span>
     <span class='ocr_line' id='line_1_42' title="bbox 107 3196 1034 3270; baseline -0.014 -19"><span class='ocrx_word' id='word_1_308' title='bbox 107 3202 158 3251; x_wconf 81' lang='lat' dir='ltr'><strong>See</strong></span> <span class='ocrx_word' id='word_1_309' title='bbox 167 3212 194 3250; x_wconf 78' lang='lat' dir='ltr'><strong>ct</strong></span> <span class='ocrx_word' id='word_1_310' title='bbox 205 3200 260 3251; x_wconf 78' lang='lat' dir='ltr'><strong>Bel.</strong></span> <span class='ocrx_word' id='word_1_311' title='bbox 271 3200 307 3249; x_wconf 90' lang='lat' dir='ltr'><strong>iii.</strong></span> <span class='ocrx_word' id='word_1_312' title='bbox 319 3203 363 3270; x_wconf 57' lang='lat'><strong>80,</strong></span> <span class='ocrx_word' id='word_1_313' title='bbox 388 3199 420 3248; x_wconf 91' lang='lat' dir='ltr'><strong>In</strong></span> <span class='ocrx_word' id='word_1_314' title='bbox 434 3198 496 3247; x_wconf 85' lang='lat' dir='ltr'><strong>such</strong></span> <span class='ocrx_word' id='word_1_315' title='bbox 511 3197 678 3259; x_wconf 83' lang='lat' dir='ltr'><strong>expressions,</strong></span> <span class='ocrx_word' id='word_1_316' title='bbox 691 3198 734 3245; x_wconf 88' lang='lat' dir='ltr'><strong>the</strong></span> <span class='ocrx_word' id='word_1_317' title='bbox 750 3197 867 3265; x_wconf 78' lang='lat' dir='ltr'><strong>attribute</strong></span> <span class='ocrx_word' id='word_1_318' title='bbox 882 3196 995 3263; x_wconf 61' lang='lat' dir='ltr'><strong>germunt)</strong></span> <span class='ocrx_word' id='word_1_319' title='bbox 1011 3206 1034 3239; x_wconf 90' lang='lat' dir='ltr'><strong>rs</strong></span> 
     </span>
     <span class='ocr_line' id='line_1_43' title="bbox 106 3252 1032 3358; baseline -0.006 -48"><span class='ocrx_word' id='word_1_320' title='bbox 106 3259 206 3320; x_wconf 66' lang='lat' dir='ltr'><strong>applied</strong></span> <span class='ocrx_word' id='word_1_321' title='bbox 217 3270 244 3308; x_wconf 92' lang='lat' dir='ltr'><strong>to</strong></span> <span class='ocrx_word' id='word_1_322' title='bbox 255 3261 297 3308; x_wconf 89' lang='lat' dir='ltr'><strong>the</strong></span> <span class='ocrx_word' id='word_1_323' title='bbox 308 3261 405 3327; x_wconf 66' lang='lat' dir='ltr'><strong>subject</strong></span> <span class='ocrx_word' id='word_1_324' title='bbox 417 3259 539 3319; x_wconf 71' lang='lat' dir='ltr'><strong>(fenino),</strong></span> <span class='ocrx_word' id='word_1_325' title='bbox 550 3273 578 3306; x_wconf 82' lang='lat' dir='ltr'><strong>as</strong></span> <span class='ocrx_word' id='word_1_326' title='bbox 587 3256 720 3325; x_wconf 80' lang='lat' dir='ltr'><strong>possessed</strong></span> <span class='ocrx_word' id='word_1_327' title='bbox 731 3256 746 3303; x_wconf 95' lang='lat' dir='ltr'><strong>b</strong></span> <span class='ocrx_word' id='word_1_328' title='bbox 773 3264 791 3302; x_wconf 88' lang='lat' dir='ltr'><strong>rt</strong></span> <span class='ocrx_word' id='word_1_329' title='bbox 798 3270 828 3324; x_wconf 37' lang='lat' dir='ltr'><strong>&#39;m</strong></span> <span class='ocrx_word' id='word_1_330' title='bbox 838 3270 854 3303; x_wconf 84' lang='lat' dir='ltr'><strong>e</strong></span> <span class='ocrx_word' id='word_1_331' title='bbox 862 3252 1032 3358; x_wconf 52' lang='lat' dir='ltr'><strong>hrphbgeffrgttr.</strong></span> 
     </span>
     <span class='ocr_line' id='line_1_44' title="bbox 108 3316 1036 3440; baseline -0.017 -13"><span class='ocrx_word' id='word_1_332' title='bbox 108 3316 1036 3440; x_wconf 57' lang='lat' dir='ltr'><strong>recurrerunttirearm-,nrternant.</strong></span> 
     </span>
     <span class='ocr_line' id='line_1_45' title="bbox 107 3430 1034 3499; baseline -0.024 -10"><span class='ocrx_word' id='word_1_333' title='bbox 107 3437 231 3491; x_wconf 58' lang='lat' dir='ltr'><strong>cruatur</strong></span> <span class='ocrx_word' id='word_1_334' title='bbox 245 3447 282 3488; x_wconf 74' lang='lat' dir='ltr'><strong>nt</strong></span> <span class='ocrx_word' id='word_1_335' title='bbox 290 3439 395 3499; x_wconf 80' lang='lat' dir='ltr'><strong>fenino,</strong></span> <span class='ocrx_word' id='word_1_336' title='bbox 410 3441 531 3492; x_wconf 67' lang='lat' dir='ltr'><strong>‘woman</strong></span> <span class='ocrx_word' id='word_1_337' title='bbox 548 3431 679 3494; x_wconf 85' lang='lat' dir='ltr'><strong>compared</strong></span> <span class='ocrx_word' id='word_1_338' title='bbox 689 3430 750 3480; x_wconf 80' lang='lat' dir='ltr'><strong>with</strong></span> <span class='ocrx_word' id='word_1_339' title='bbox 765 3441 790 3479; x_wconf 93' lang='lat' dir='ltr'><strong>ot</strong></span> <span class='ocrx_word' id='word_1_340' title='bbox 810 3445 836 3478; x_wconf 89' lang='lat' dir='ltr'><strong>er</strong></span> <span class='ocrx_word' id='word_1_341' title='bbox 852 3435 999 3478; x_wconf 67' lang='lat' dir='ltr'><strong>existerem,</strong></span> <span class='ocrx_word' id='word_1_342' title='bbox 1011 3434 1034 3467; x_wconf 78' lang='lat' dir='ltr'><strong>rs</strong></span> 
     </span>
    </p>
   </div>
   <div class='ocr_carea' id='block_1_6' title="bbox 107 3495 471 3559">
    <p class='ocr_par' dir='ltr' id='par_1_6' title="bbox 107 3495 471 3559">
     <span class='ocr_line' id='line_1_46' title="bbox 107 3495 471 3559; baseline -0.019 -9"><span class='ocrx_word' id='word_1_343' title='bbox 107 3497 184 3550; x_wconf 77' lang='lat' dir='ltr'><strong>noted</strong></span> <span class='ocrx_word' id='word_1_344' title='bbox 194 3497 232 3549; x_wconf 81' lang='lat' dir='ltr'><strong>ior</strong></span> <span class='ocrx_word' id='word_1_345' title='bbox 242 3495 471 3559; x_wconf 66' lang='lat' dir='ltr'><strong>ohsngeabtensrs!</strong></span> 
     </span>
    </p>
   </div>
   <div class='ocr_carea' id='block_1_7' title="bbox 0 0 1168 3780">
    <p class='ocr_par' dir='ltr' id='par_1_7' title="bbox 0 0 1168 3780">
     <span class='ocr_line' id='line_1_47' title="bbox 0 0 1168 3780; baseline 0 0"><span class='ocrx_word' id='word_1_346' title='bbox 0 0 1168 3780; x_wconf 95' lang='lat' dir='ltr'><strong> </strong></span> 
     </span>
    </p>
   </div>
  </div>
 </body>
</html>
