2242 3826
481 212 642 274 asnsrnos.
715 193 723 207 '

169 340 263 411 Ipsum
273 338 446 409 obtestemur,
459 340 621 413 veniamque
633 357 740 395 oremus
750 339 787 394 ab
798 356 873 411 ipso:

168 409 262 480 cedar,
273 409 317 478 jus
329 409 464 481 proprium
476 411 530 478 regi
544 412 698 480 patriaeque
712 412 839 464 remittat.

169 480 241 540 Quid
255 481 367 532 miseros
379 480 458 532 toties
471 480 496 532 in
508 489 601 549 aperta
612 479 730 550 pericula
743 479 811 533 civis
965 485 1011 536 ssu

170 548 288 619 Projicis,
302 565 317 600 o
329 548 406 601 Latio
418 560 497 618 caput
513 550 606 603 horum
619 563 646 602 et
658 567 740 601 causa
753 550 906 604 maiorum?

170 620 253 676 Nulla
265 617 437 687 saiusbe1103
457 636 551 688 pacem
565 628 591 671 te
604 620 740 698 poscimus
752 636 854 689 omnes,

170 691 268 755 Turne,
281 686 361 740 simul
376 690 450 758 pacis
462 690 547 740 solum
561 687 715 740 inviolabile
727 689 832 756 pignus.

171 760 277 814 Primus
289 774 345 825 ego,
361 758 478 810 invisum
490 775 572 827 quem
585 771 612 811 tu
628 757 673 809 tibi
686 757 771 826 fingis,
785 768 812 810 et
825 773 886 809 esse

74 856 77 862 ¹
169 829 215 883 Nil
226 843 320 894 ruoror,
334 844 366 879 en
381 828 495 897 supplex
506 828 592 879 veuio.
628 827 760 879 Miserere
773 835 887 896 tuorum,
965 830 1013 880 335

171 899 243 951 Pone
255 897 366 965 animos,
381 908 406 948 et
421 897 513 966 pulsus
524 896 578 949 abi.
615 897 659 949 sai
673 896 768 948 sunera
780 897 833 949 susi

171 968 300 1032 Vidimus,
315 968 428 1039 ingentis
440 975 467 1019 et
480 967 661 1019 desolavimus
672 983 757 1033 agros.

170 1039 236 1105 Aut,
247 1034 269 1087 si
283 1036 355 1089 sama
368 1045 465 1104 movet,
480 1037 501 1088 si
514 1045 617 1088 tanturn
630 1047 736 1106 pectore
750 1034 827 1088 robur

170 1103 303 1175 Concipis,
316 1115 342 1159 et
355 1107 376 1157 si
390 1106 458 1167 adeo
472 1104 568 1158 dotalis
581 1107 652 1174 regia
664 1105 736 1158 cordi
749 1114 798 1174 est,

170 1174 260 1243 Ande,
270 1186 350 1244 atque
362 1175 504 1228 adversum
519 1175 604 1228 fidens
618 1175 658 1227 fer
670 1184 765 1244 pectus
778 1175 805 1227 in
817 1173 932 1229 hostem.
965 1178 1017 1229 370

170 1244 285 1312 Scilicet,
300 1255 328 1299 ut
341 1245 430 1298 Turno
441 1245 575 1313 contingat
588 1244 661 1312 regia
672 1244 795 1313 conjunx,

169 1315 234 1383 Nos,
247 1315 356 1367 animae
368 1314 442 1381 viles,
457 1313 597 1367 inhumata
609 1314 753 1383 infletaque
766 1312 851 1383 turba,

170 1384 323 1437 sternamur
334 1382 446 1451 campis.
483 1383 573 1437 Etiam
586 1394 621 1449 tu,
635 1383 657 1435 si
671 1401 723 1452 qna
736 1381 783 1436 tibi
796 1383 844 1451 vis,

170 1453 198 1506 Si
212 1454 286 1532 patrii
299 1453 362 1523 quid
375 1453 473 1506 Martis
486 1452 579 1524 habes,
592 1453 668 1507 illum
680 1455 770 1524 aspice
783 1462 883 1524 contra,

169 1523 221 1581 Qui
234 1524 330 1576 vocat)
433 1574 437 1579 .
968 1527 1020 1576 375

204 1593 315 1644 Talibus
326 1592 425 1644 exarsit
437 1590 517 1645 dictis
529 1591 656 1644 violentia
667 1591 750 1644 Turni
761 1609 767 1657 ;

169 1660 221 1714 Dat
232 1662 372 1729 gemitum,
388 1663 538 1731 rumpitque
552 1661 600 1714 has
613 1663 666 1713 iuro
698 1672 786 1715 ectore
799 1677 896 1713 voces:

171 1731 270 1798 ‘Larga
281 1729 398 1799 quidem,
414 1731 524 1799 Drance,
539 1748 645 1800 semper
657 1678 704 1783 tiit
717 1730 794 1799 copia
805 1729 879 1783 sandi

169 1800 249 1867 Tum,
261 1817 325 1852 curu
339 1800 409 1852 belia
422 1817 518 1852 manus
531 1808 642 1870 poscunt
650 1816 658 1867 3
677 1800 851 1868 patribusque
865 1800 967 1855 vocatis

169 1869 275 1925 Primus
287 1868 360 1920 aries.
397 1868 449 1921 Sed
463 1886 513 1921 non
528 1869 655 1938 replenda
667 1878 707 1922 est
720 1870 794 1921 curia
805 1867 902 1939 verbis,
970 1874 1026 1924 380

169 1939 245 1997 Quae
258 1948 312 1991 tuto
326 1938 372 1991 tibi
384 1956 481 2006 magna
493 1938 590 2006 volant,
604 1939 668 1991 dum
681 1937 789 1991 distinet
801 1938 908 1991 hostem

169 2011 258 2075 Agger
270 2024 428 2075 moerorum,
442 2025 493 2059 nec
506 2009 634 2060 inundant
647 2009 775 2077 sanguiue
787 2007 885 2061 fossae.

169 2076 280 2129 Proinde
293 2087 354 2128 tona
366 2077 488 2146 eloquio,
507 2078 615 2130 solitum
627 2077 691 2146 tibi,
712 2094 809 2145 meque
821 2077 925 2130 timoris

169 2146 260 2213 Argue
273 2154 308 2212 tu,
322 2145 435 2215 Drance,
449 2145 554 2215 quando
567 2155 604 2200 tot
616 2148 712 2214 stragis
723 2163 833 2198 acervos

169 2215 331 2267 Teucrorum
344 2223 391 2268 tua
402 2215 496 2268 dextra
508 2215 589 2284 dedit,
604 2217 757 2284 passimque
771 2214 885 2284 tropaeis
971 2219 1031 2269 385

168 2283 281 2351 Insignis
292 2300 378 2351 agros.
415 2285 502 2338 Possit
515 2284 580 2355 quid
593 2285 683 2336 vivida
695 2286 784 2353 virtus,

170 2353 315 2423 Experiare
328 2352 408 2422 licet,
426 2371 478 2405 nec
491 2353 568 2422 longe
581 2354 682 2406 scilicet
696 2352 787 2406 hostes

168 2422 320 2481 Quaerendi
331 2424 408 2476 nobis
416 2440 423 2490 5
441 2425 614 2476 circumstant
627 2424 744 2491 undique
757 2438 855 2474 muros.

168 2492 243 2545 lmus
255 2490 282 2545 iu
294 2490 437 2545 ailrersos!
458 2493 522 2561 quid
535 2493 646 2545 cessas?
663 2510 697 2555 an
710 2492 758 2544 tibi
769 2491 879 2544 Mavors

167 2561 284 2684 {puteas
296 2561 327 2640 in·
335 2560 426 2668 lipgua
436 2562 605 2631 pedibusque
617 2561 758 2630 fugacibus
770 2561 828 2613 istis
973 2565 1036 2615 330

203 2649 229 2683 rn
250 2639 355 2684 erent.

168 2648 265 2753 Pulsiis
277 2699 347 2768 egoi
365 2707 410 2752 aut
423 2698 564 2768 quisquam
578 2699 680 2767 merito,
694 2697 858 2769 foedissime,
871 2697 992 2771 pulsum

167 2771 277 2837 Arguet,
290 2769 369 2823 Iliaco
383 2768 518 2821 tumidum
529 2768 576 2838 qui
587 2786 708 2820 crescere
721 2767 851 2847 Thybrim

168 2837 300 2905 Sanguine
314 2847 340 2889 et
354 2837 469 2890 Evandri
483 2846 565 2891 totam
578 2855 642 2890 cum
654 2838 734 2906 stirpe
748 2836 849 2890 videbit

166 2907 341 2959 Procubuisse
354 2906 472 2974 domum,
486 2915 568 2976 atque
581 2917 675 2960 exutos
687 2905 808 2960 Arcadas
819 2905 923 2959 armisi
975 2911 1040 2960 3⁹5

166 2976 245 3028 Haud
258 2976 294 3027 ita
306 2992 351 3028 me
364 2977 464 3044 experti
479 2975 562 3028 Bitias
574 2987 600 3028 et
615 2976 750 3028 Pandarus
762 2975 864 3045 ingens,

166 3044 200 3096 Et
212 3061 279 3111 quos
292 3044 365 3098 mille
378 3044 422 3096 die
435 3044 517 3096 victor
530 3045 580 3098 sub
592 3045 703 3097 Tartara
714 3045 784 3114 misi,
866 3051 882 3063 “

125 3149 176 3194 363.
199 3148 307 3210 Pignus,
331 3151 564 3201 Lavinium-371.
587 3152 692 3207 Scilicet,
704 3151 781 3208 ,διας
808 3151 1038 3203 ironica—³82

98 3199 240 3270 Maeror-am.
278 3209 326 3255 See
345 3218 369 3256 ttt
391 3225 415 3256 at.
431 3213 566 3257 act-384.
587 3210 697 3270 Quando,
719 3210 784 3268 &c.;
811 3209 1041 3261 immersi-896.

98 3254 186 3315 Butos,
200 3263 248 3310 &c
281 3267 328 3312 See
344 3267 376 3314 ix.
394 3270 448 3322 672,
460 3268 605 3319 dac-397.
622 3269 678 3325 Die.
696 3269 810 3325 interdiu,
828 3279 870 3317 not
887 3271 920 3329 by
939 3271 1041 3332 night,

95 3316 175 3409 fflthe
188 3318 284 3369 Greeks
300 3325 413 3372 attacked
425 3326 466 3373 the
479 3326 592 3387 Trojans.
625 3328 725 3377 Turnus
736 3329 758 3376 is
768 3327 826 3377 fund
836 3326 865 3376 os
875 3344 1044 3392 comparing

98 3432 120 3464 r.

123 3373 197 3474 fpffilf
204 3377 264 3426 with
272 3372 314 3428 the
327 3382 433 3432 Greeks.
464 3384 567 3436 Audon
579 3386 628 3435 this
639 3388 706 3448 point
718 3403 760 3437 ses
771 3386 805 3438 ix.
817 3391 868 3438 150.
900 3387 1029 3438 Tar-tm
