2242 3826
476 102 569 144 uranu
588 102 631 145 xr.
961 80 1023 146 ll}

170 232 230 288 Nec
242 230 384 303 quisquam
395 229 519 285 instantis
530 230 648 285 Teucrus
660 230 802 303 letumque
812 230 923 287 ferentis

172 303 325 355 Sustentare
337 301 409 354 valet
422 301 492 370 telis,
505 311 551 354 aut
564 304 659 354 sistere
671 311 777 372 contra,
792 346 798 359 ,

172 371 224 425 Sed
238 371 312 423 laxos
324 370 441 424 referunt
454 370 574 423 humeris
585 371 774 439 languentibus
785 388 870 441 arcus,

172 440 435 510 Quadrupedumque
459 449 566 511 putrem
590 457 668 493 cursu
692 440 777 511 quatit
800 441 900 510 ungula
923 456 994 495 eom·

262 527 316 562 um.
970 513 1022 564 87⁵

173 528 294 631 Volrilur
305 578 340 631 ad
353 594 443 631 muros
453 578 568 647 caligine
581 577 700 631 turbidus
711 584 769 631 alm

174 648 274 717 Pulvis,
287 657 315 700 et
327 666 342 700 e
355 648 472 717 speculis
484 665 626 717 percussae
638 658 746 716 pectora
758 657 858 702 matres

175 716 335 770 Femineum
348 717 493 770 clamorem
505 716 539 769 ad
552 717 620 770 caeli
633 716 720 769 sidera
732 718 838 772 tollunt.

103 846 108 851 ,
136 844 140 851 ἢ
175 785 228 844 Qui
240 803 320 840 cursu
331 796 419 857 portas
430 787 509 857 primi
522 786 640 856 irrupere
652 788 775 858 patentis,

174 854 231 908 Hos
242 855 351 908 inimica
363 873 443 924 super
454 856 537 908 mixto
549 855 646 925 premit
657 857 766 924 agmine
778 852 856 913 turha
863 873 873 926 3
971 860 1025 919 880

174 925 235 978 Nec
248 925 375 978 miseram
386 925 518 992 effugiunt
529 933 651 993 mortem,
664 925 712 978 sed
725 925 818 979 limine
830 927 856 978 in
869 926 935 997 ipso,

175 993 320 1047 Moenibus
331 995 358 1046 in
370 994 461 1063 patriis
471 1002 552 1063 atque
564 995 631 1047 inter
643 1003 700 1047 tuta
711 994 850 1048 domomm

176 1062 277 1116 Confiri
290 1065 409 1132 expirant
421 1062 534 1116 animas.
571 1064 635 1116 Pars
646 1063 772 1117 claudere
784 1073 885 1134 portas3

174 1132 235 1185 Nec
248 1132 327 1184 sociis
337 1133 439 1203 aperire
452 1133 533 1202 rium,
545 1149 597 1185 uec
607 1132 750 1186 moenibus
761 1133 861 1186 audent

176 1201 307 1270 Accipere
319 1202 433 1272 orantis,
450 1202 583 1271 oriturque
595 1202 746 1255 miserrima
757 1203 856 1255 caedes
973 1205 1025 1261 886

176 1268 374 1324 Defendentum
387 1271 471 1324 armis
481 1272 577 1338 adime,
591 1272 671 1340 inque
683 1288 758 1324 arma
770 1283 903 1324 ruentum.

178 1338 297 1410 Exclusi,
309 1350 371 1393 ante
384 1340 475 1393 oculos
487 1340 728 1410 lacrimantumque
740 1358 786 1393 ora
796 1349 948 1412 parentum,

177 1407 243 1461 Pars
256 1409 282 1463 iu
293 1410 443 1480 praecipitis
456 1410 541 1478 fossas
551 1418 681 1478 urguente
694 1410 769 1463 ruina

177 1476 304 1559 Volvitur,
318 1478 446 1547 immissis
457 1495 518 1548 pars
530 1496 612 1531 caeca
625 1489 652 1532 et
664 1480 767 1532 concita
779 1478 861 1535 frenis

178 1548 283 1602 Arietat
296 1566 323 1601 m
335 1558 422 1618 portas
435 1558 462 1601 et
474 1548 554 1601 duros
564 1547 652 1618 objice
664 1549 756 1619 postis.
972 1551 1027 1602 890

177 1615 256 1685 Ipsae
268 1616 303 1669 de
315 1619 400 1670 muris
411 1635 516 1671 summo
529 1618 675 1672 certamine
688 1627 822 1671 matres-

177 1683 310 1741 Monstrat
321 1704 396 1743 amor
407 1704 486 1740 verus
497 1687 661 1756 patriae-ut
674 1687 764 1740 videre
777 1686 941 1758 Camillam,

178 1753 247 1806 Tela
257 1773 337 1811 manu
350 1757 469 1825 trepidae
480 1756 589 1826 jaciunt,
604 1774 636 1809 ac
650 1755 741 1808 robore
754 1755 818 1807 duro

178 1821 318 1893 stipitibus
330 1825 429 1879 serrum
442 1826 607 1893 sudibusque
621 1827 757 1878 imitantur
769 1823 871 1877 obustis

178 1891 351 1963 Praecipites,
363 1897 519 1965 primaeque
532 1895 598 1946 mori
610 1912 656 1964 pro
668 1894 809 1946 moenibus
819 1892 921 1947 ardent.
975 1895 1027 1947 895

214 1961 321 2016 Interea
333 1963 453 2016 Turnum
466 1965 491 2016 in
505 1963 579 2016 silvis
591 1965 766 2016 saevissimus
778 1963 872 2032 implet

178 2029 303 2100 Nuntius,
317 2042 343 2084 et
354 2033 445 2102 juveni
458 2035 592 2101 ingentem
606 2033 656 2085 lert
669 2035 743 2085 Acca
754 2034 914 2086 tumultum:

141 2119 144 2125 ’
180 2098 291 2153 Deletae
302 2100 457 2155 Volscorum
470 2103 552 2175 acies,
566 2102 695 2155 cecidisse
708 2102 858 2174 Camillam,

179 2168 305 2237 Ingruere
318 2171 435 2224 intensos
447 2170 536 2239 hostis,
549 2180 576 2223 et
589 2172 677 2224 Marte
690 2172 809 2224 secundo
1050 2219 1057 2229 ,

180 2238 278 2291 Omnia
289 2241 454 2310 corripuisse,
467 2251 570 2293 metum
582 2240 636 2309 jam
650 2241 684 2293 ad
697 2241 804 2293 moenia
817 2238 886 2292 ferri.
977 2240 1029 2290 900

180 2306 230 2360 llle
243 2307 396 2363 furens-et
409 2327 490 2361 saeva
501 2310 574 2363 lovis
586 2310 625 2362 sic
637 2310 747 2362 numina
777 2317 907 2360 escunt-

181 2375 287 2429 Deserit
298 2376 422 2432 obsessos
433 2378 516 2448 collis,
530 2396 638 2431 nemora
649 2395 744 2446 aspera
756 2325 776 2429 l)

767 2378 791 2428 in
812 2377 860 2429 uit.

181 2444 232 2498 Vix
245 2463 261 2498 e
274 2457 416 2516 conspectu
429 2448 531 2500 exierat
544 2463 723 2517 campumque
737 2394 846 2499 tenelrat

182 2514 251 2568 Cum
261 2526 338 2585 pater
349 2517 466 2585 Aeneas,
479 2516 563 2570 saltus
574 2517 709 2585 ingressus
721 2523 834 2585 apertus,

183 2584 386 2654 Exsuperatque
397 2585 490 2654 jugum
503 2585 624 2653 silvaque
636 2585 725 2638 evadit
737 2602 829 2654 opaca.
979 2584 1030 2635 905

182 2652 225 2704 Sic
237 2654 317 2706 ambo
329 2654 363 2706 ad
376 2671 467 2707 muros
479 2653 562 2724 rapidi
576 2663 682 2723 totoque
695 2653 815 2706 femntur

182 2723 308 2791 Agmine,
320 2739 372 2775 nec
384 2722 470 2792 longis
481 2723 548 2777 inter
560 2740 590 2776 se
602 2723 726 2793 passibus
736 2724 848 2776 absunt:

139 2870 197 2917 875.
214 2867 261 2917 See
271 2868 321 2917 viii.
333 2872 483 2918 596.-880.
500 2870 538 2917 As
550 2868 591 2917 the
602 2866 684 2917 c'rowd
694 2868 722 2917 ol'
730 2868 801 2917 Latin
812 2868 926 2937 sugitiues
937 2868 1029 2927 imped-

90 2933 154 2988 ing
163 2926 205 2997 tlte
214 2937 327 2975 entrance
336 2944 387 2975 was
396 2945 411 2976 a
419 2944 503 2976 source
513 2928 541 2976 ol
547 2928 677 2975 additional
687 2934 774 2990 (super)
783 2927 881 2987 danger,
891 2936 908 2974 rt
920 2926 941 2974 is
952 2926 1030 2974 called

90 2988 216 3042 fumus.
241 2985 341 3054 ‘Others
357 2987 419 3035 refer
429 2990 498 3058 turba
509 2997 534 3034 to
546 2987 587 3034 the
600 2986 719 3046 Trojans3
736 2986 783 3033 und
794 2987 852 3033 then
863 3002 935 3047 super
945 3001 1029 3033 means

86 3049 182 3148 olosq
191 3043 543 3153 qequqqdaeqldssfflllurrssiltlre
554 3045 611 3093 rush
621 3044 651 3151 qs
663 3042 905 3151 thqehcrclrlvd.-8{llfl.
914 3044 1028 3163 Hilgrtrlqtoqg,

82 3116 217 3167 mea,
267 3119 371 3163 eesya
397 3121 432 3153 es.
498 3119 620 3162 eyspurre
643 3119 678 3175 'cn
717 3119 752 3151 err
776 3119 868 3174 ¹ursesu
897 3119 911 3149 u
1021 3136 1028 3159 ‚

40 3222 47 3229 ·
76 3161 1032 3291 ffeltff‘tttllltstantialis}''tlt‘d'ttl‘t'tttttttllt

82 3277 223 3349 d0‚f¹⁰‚¹¹¹
238 3294 323 3341 seemg
362 3280 467 3331 smdla's
482 3279 571 3337 leats3’
594 3278 652 3345 only
667 3279 712 3328 she
728 3279 805 3327 thren
821 3276 880 3337 real,
899 3276 958 3343 they
973 3277 1032 3337 only

79 3346 336 3401 wentronspeers.
870 3370 872 3375 ·
