2242 3826
464 121 467 125 ’
493 158 586 201 rreee
606 159 637 199 x.
969 138 1029 201 κδ

176 285 274 355 Erigat
285 284 331 340 hie
340 300 450 341 aevum.
485 286 588 356 magna
597 287 700 341 uhhne
711 285 804 357 jubeto

177 356 309 424 Carthago
320 366 426 425 premet
436 358 586 410 Ausoniam
593 374 601 426 3
622 357 688 410 nihil
702 356 813 411 urbibus
826 355 889 409 inde

177 425 298 479 Obstebit
310 426 407 494 Tyriis.
443 426 512 484 Quid
525 434 628 494 pestem
641 424 756 478 evadere
768 426 834 479 belli
994 429 1029 481 tto

177 496 251 548 Juvit
262 503 290 547 et
303 495 442 562 Argolieos
452 496 572 549 medium
585 495 685 563 fugisse
698 513 745 565 per
757 497 835 566 ignis,
945 558 948 565 λ

178 564 282 634 Totque
294 565 376 617 maris
387 574 532 633 vastaeque
544 566 676 617 exhausta
688 565 806 634 pericula
817 575 911 635 terrae,

178 633 250 687 Dum
263 633 369 686 Latium
381 635 479 686 Teucri
492 633 663 703 recidivaque
676 635 807 703 Pergama
819 634 971 704 quaerunt?

177 703 238 757 Nou
251 704 341 772 satine,
353 703 458 764 eineres
470 703 573 772 patriae
584 703 716 756 insediese
727 720 869 773 supremos

177 775 214 825 At
234 788 269 825 ue
280 773 375 842 solum,
386 788 441 841 qno
453 770 534 841 Troja
545 773 615 826 fuiti
650 774 787 826 Xanthum
798 781 827 826 et
838 773 976 828 Simoente
986 775 1030 827 ”60

178 789 281 911 Redde,
294 858 346 910 uro,
358 842 473 910 miseris,
487 842 638 912 iterumque
652 843 789 895 revolvere
801 858 880 896 essue

177 911 228 980 De,
240 920 323 981 peter,
336 911 433 967 Iliaeoe
443 912 574 964 Teucris)
610 912 682 964 Turn
694 912 767 980 regie
777 914 847 966 Juno

178 982 249 1033 Aeta
261 980 348 1033 surore
359 981 450 1048 gravi:
471 979 556 1038 ‘Quid
567 998 614 1034 me
624 981 680 1033 alta
692 981 798 1034 silentia
810 981 883 1051 cogis

178 1050 313 1119 Rumpere
325 1059 353 1102 et
363 1049 512 1103 obductum
523 1051 613 1104 verbis
624 1050 733 1119 vulgare
743 1050 882 1104 delorem?

178 1121 292 1172 Aenean
304 1120 442 1172 hominum
455 1119 600 1189 qnisquam
609 1121 755 1189 divomque
767 1120 874 1189 subegit
943 1118 946 1125 ’
993 1123 1029 1173 65

177 1188 255 1242 Belle
268 1190 353 1259 sequi,
365 1199 412 1241 aut
425 1189 530 1243 hostem
542 1189 598 1258 regi
609 1206 640 1242 se
651 1190 749 1243 inferre
761 1189 874 1244 Latinol
940 1202 944 1209 '

178 1257 285 1311 lteliern
297 1258 374 1328 petiit
386 1258 450 1311 satis
458 1259 741 1312 auctoribus—esto·-

178 1328 344 1380 Cessendree
357 1328 489 1397 impulsus
500 1326 593 1381 iuriis:
611 1340 678 1381 nunt
690 1328 812 1397 linquere
823 1335 915 1382 eastre

178 1396 281 1450 llortuti
292 1414 395 1465 sumus,
405 1405 454 1452 aut
466 1398 548 1450 vitem
562 1398 729 1451 committere
741 1397 849 1450 ventisl

178 1466 253 1520 Num
265 1483 347 1536 puero
358 1478 494 1519 summam
507 1466 579 1537 belli,
592 1484 658 1520 num
670 1467 780 1520 eredere
792 1467 901 1520 muros‘l
996 1471 1031 1522 70

145 1569 153 1575 -
179 1535 401 1605 Tyrrhenamque
412 1535 495 1589 fidem
507 1546 552 1589 aut
563 1537 764 1605 gentisegitare
776 1537 901 1606 quietas?

180 1605 247 1661 Quis
258 1605 326 1659 deus
338 1605 364 1657 in
376 1605 507 1674 fraudem,
520 1623 590 1676 quee
601 1606 669 1659 dura
680 1607 798 1676 potentia
810 1607 892 1660 nestri
942 1638 944 1646 ι

179 1673 261 1742 Egitt
279 1674 325 1728 ubi
337 1673 382 1728 hio
393 1675 471 1743 June,
484 1675 639 1728 demissave
650 1676 768 1729 nubibus
780 1676 848 1728 Iris?

179 1742 322 1812 Indignum
333 1754 375 1796 est
387 1743 468 1796 lteloe
478 1744 586 1814 Trojam
598 1745 763 1797 circumdare
775 1744 895 1797 flammis

178 1812 351 1882 Merentem,
364 1823 392 1866 et
403 1813 489 1881 petria
500 1815 620 1867 Turnum
633 1814 778 1866 consistere
791 1825 867 1883 terra,
996 1817 1031 1868 7⁵

179 1881 230 1934 eui
241 1883 381 1935 Pilumnus
393 1898 467 1952 avus,
480 1885 524 1935 eui
536 1882 599 1935 dire
610 1883 715 1936 Venilia
727 1891 829 1935 meter:

179 1949 259 2020 Quid,
272 1951 333 2005 feoe
344 1951 474 2021 ijanos
485 1960 543 2004 stra
553 1952 609 2006 vim
622 1951 691 2004 serre
702 1952 811 2020 Latinis,

179 2022 253 2072 Arre
263 2021 352 2074 aliena
362 2020 425 2090 jugo
438 2034 560 2090 premere
571 2030 653 2090 atque
665 2031 785 2074 aver-tere
798 2009 934 2091 pmedasi

179 2090 260 2160 Quid,
273 2106 379 2144 soeeros
390 2089 480 2157 legere
492 2098 520 2143 et
530 2090 643 2160 gremiis
653 2090 789 2144 abducere
801 2098 900 2162 paetus,
940 2122 943 2129 ι

179 2158 281 2212 Pae'em
291 2176 366 2211 orare
378 2175 468 2229 mene,
481 2161 628 2230 praefigere
636 2161 779 2282 syeppihus
788 2160 887 2213 arma‘.l
995 2163 1032 2213 80

180 2227 223 2281 Tu
235 2236 311 2297 potes
323 2231 434 2282 Aenean
448 2229 573 2282 manibus
585 2229 635 2282 sub
657 2245 736 2283 ueere
745 2230 868 2297 Graium,

178 2296 283 2366 Proque
296 2299 351 2351 viro
363 2296 490 2351 nebulum
503 2307 531 2350 et
543 2309 637 2351 ventos
647 2298 793 2352 obtendere
805 2297 902 2365 inanis,

179 2367 215 2420 Et
227 2376 304 2435 potes
315 2369 341 2419 in
354 2367 466 2420 totidem
478 2367 594 2420 classem
607 2376 763 2421 convertere
774 2369 800 2421 N
802 2365 932 2436 ymphes:

177 2436 237 2490 Nos
247 2435 347 2506 aliquid
359 2437 471 2490 Rutulos
480 2446 573 2489 eontra
583 2436 686 2506 juvisse
698 2435 846 2489 uelandum
858 2436 919 2488 esti

178 2508 289 2558 Aeneas
299 2506 409 2574 ignarus
419 2507 510 2560 abest:
530 2507 638 2573 ignarus
650 2514 677 2558 et
687 2505 773 2559 ebsit:
994 2509 1030 2560 et

178 2575 229 2627 Est
241 2573 357 2644 Paphus,
372 2575 541 2644 Idaliumque
554 2575 610 2646 tihi,
624 2583 684 2628 eunt
695 2574 751 2628 alta
762 2572 887 2644 Cythera.

177 2642 248 2702 Quid
259 2645 397 2711 gravidam
409 2644 488 2698 hellis
498 2644 593 2698 nrhem
606 2653 634 2697 et
645 2643 725 2697 eorda
736 2656 832 2714 aspero
844 2642 952 2697 teutasl

176 2713 269 2766 Nosue
282 2713 330 2766 tibi
341 2714 429 2767 fluxas
440 2713 572 2783 Phrygiae
584 2730 628 2766 res
638 2722 742 2784 vertere
754 2712 837 2767 fundo

174 2782 328 2835 Conamurl
346 2783 415 2836 noel
432 2799 466 2835 un
478 2785 591 2836 miseros
602 2783 648 2852 qui
660 2782 742 2835 Troes
753 2782 865 2836 Aehivie

175 2850 300 2920 Objeottt
336 2853 413 2912 Quae
423 2867 522 2905 eaussa
532 2850 591 2921 fuit,
604 2868 764 2923 consurgere
776 2852 803 2905 in
815 2866 891 2904 erma
996 2854 1030 2904 90
1084 2922 1088 2927 ⁵

88 3008 92 3015 ·
130 2984 172 3030 et.
200 2981 235 3031 Ut
248 2993 348 3044 premet.
385 2982 527 3033 Ausoniam.
567 2982 615 3033 See
648 2986 718 3041 .180,
731 2983 779 3032 line
795 2986 900 3032 5.-55.
934 2980 1027 3042 Triir.

100 3056 137 3090 tv.
148 3045 271 3091 'te-⁵6.
287 3042 421 3106 Argolicos,
434 3043 459 3091 ii.
471 3046 593 3091 55.-5e.
644 3060 746 3104 ergama,
759 3043 783 3091 ii.
797 3045 932 3092 ltu-60.
982 3059 1027 3091 en·

99 3103 167 3155 thur.
182 3101 231 3148 tre.
263 3100 352 3149 Rivers
368 3101 396 3150 of
408 3102 569 3162 Troy-64.
597 3101 729 3156 Gonstme‚
742 3104 843 3163 vulgare
857 3103 1027 3152 verum-67.

100 3159 189 3214 Pam,
202 3160 259 3220 long
270 3161 356 3220 hythe
367 3161 518 3210 arsis-68.
538 3161 697 3214 Cassandrae.
711 3160 744 3207 iii.
758 3165 808 3208 183,
834 3160 963 3223 Linquere,
974 3160 1026 3210 dee.

100 3218 225 3280 Alleding
235 3228 262 3267 to
272 3220 314 3268 the
330 3229 416 3269 events
431 3220 572 3269 mentioned
587 3220 612 3267 in
622 3220 664 3268 the
675 3219 768 3279 Eighth
778 3219 895 3268 Boule-
902 3224 941 3270 te.
958 3220 1026 3270 Soce-

99 3290 151 3335 Μ,
165 3277 215 3326 &e
246 3277 368 3339 Alluding
382 3287 408 3327 to
424 3278 534 3327 Lavinia.
566 3279 613 3327 See
629 3292 652 3338 p.
668 3281 723 3334 291,
735 3278 784 3328 line
800 3281 921 3328 29.-81.
951 3280 1025 3330 Allu-

98 3335 161 3397 ding
170 3343 294 3387 merente
310 3338 445 3386 connected
455 3338 517 3388 with
527 3337 598 3387 those
612 3336 719 3391 referred
733 3345 760 3389 to
774 3346 799 3388 et
810 3337 826 3388 i.
836 3341 876 3389 97.
907 3338 956 3390 See
971 3339 1026 3390 also

98 3399 193 3455 r.8⁰9,
204 3396 340 3508 {besa
357 3396 406 3447 See
417 3396 564 3457 ix.80,&e·
986 3420 1008 3432 -’
