2288 3732
501 255 596 301 uun
615 256 636 300 i.

173 382 210 438 Et
221 382 335 454 quidam
347 399 422 438 seros
433 383 538 440 hiberni
549 385 586 439 ad
597 385 708 441 luminis
719 385 792 455 ignis

172 453 328 526 Pervigilat,
340 452 465 524 ferroque
477 455 553 508 laces
564 456 606 509 ins
625 457 678 509 icat
689 465 784 526 acutoJ

173 524 283 578 Interea
294 523 404 603 longum
416 533 497 578 cantu
510 524 595 578 solata
606 474 728 579 laborem

173 595 279 663 Argutq
290 609 408 663 conJunx
419 593 548 663 percurrit
560 595 668 665 pectine
680 595 762 663 telas3

173 664 230 717 Aut
242 662 332 716 dulcis
344 665 426 719 musti
437 663 559 717 Vulcano
570 663 697 733 decoquit
710 665 860 737 humorem,
978 668 1030 720 295

175 732 211 788 Er
223 732 295 786 foliis
306 731 408 786 undam
420 733 517 802 trepidi
529 733 673 804 despumat
684 734 756 787 aeni.

208 804 246 857 At
258 801 407 856 rubicunda
417 802 500 856 Ceres
510 804 601 857 medio
614 803 759 869 succiditur
770 812 856 876 aestu,

174 870 211 926 Et
222 870 315 926 medio
327 876 412 926 tostas
422 880 500 927 aestu
512 873 572 926 terit
584 889 648 926 area
659 872 762 942 fruges.

174 940 274 996 Nudus
284 957 339 1011 ara,
353 958 413 995 sere
423 941 527 996 nudus:
546 942 635 997 hieme
647 943 744 1012 ignara
755 943 858 998 colono.

175 1010 330 1079 Frigoribus
341 1019 416 1080 parto
429 1011 562 1080 agricolae
574 1012 734 1083 plerumque
747 1012 878 1086 fruuntur,
980 1017 1031 1068 300

174 1079 329 1150 Mutuaque
341 1081 410 1134 inter
421 1097 451 1134 ee
463 1081 528 1134 laeti
539 1082 662 1135 convivia
673 1090 776 1136 curant.

175 1149 275 1203 lurirat
286 1149 401 1218 genialis
413 1149 510 1219 hiems,
523 1167 657 1221 curasque
668 1152 790 1205 resolvit:

175 1220 232 1273 Ceu
244 1236 429 1290 preesaecum
441 1219 497 1291 jarn
509 1228 617 1290 portum
629 1220 740 1290 tetigere
752 1221 860 1276 carinae

175 1288 215 1343 Pu
235 1288 315 1359 pibus
325 1296 354 1342 et
365 1288 430 1342 laeti
442 1299 542 1343 nautae
554 1289 707 1360 imposuere
718 1307 839 1343 coronas.

242 1368 334 1412 tamen
345 1367 374 1412 et
386 1375 502 1429 quernas
512 1358 626 1428 glandes
637 1368 695 1413 tum
708 1360 838 1428 stringere
851 1369 966 1433 tempus,
979 1363 1031 1415 300

176 1427 212 1481 Et
222 1427 291 1481 lauri
302 1427 403 1482 baccas
413 1428 557 1498 oleamque
569 1438 734 1499 cruentaque
746 1439 835 1499 myrta
841 1446 850 1501 3

175 1497 247 1551 Tum
259 1497 371 1566 gruibus
381 1497 493 1569 pedicas
504 1507 532 1551 et
542 1498 611 1552 retia
622 1515 720 1568 ponere
733 1499 826 1569 cervis,

175 1567 339 1637 Auritosque
352 1569 428 1638 sequi
440 1567 560 1640 lepores3
578 1575 636 1620 tum
648 1568 731 1636 figere
743 1568 846 1639 damas,

175 1635 294 1707 Stuppea
308 1644 476 1706 torquentem
488 1636 606 1690 Balearis
616 1638 729 1691 uerbera
741 1637 841 1691 fundae
848 1655 857 1708 3

175 1706 268 1765 Quum
279 1706 324 1759 nix
335 1707 390 1758 alta
400 1706 479 1776 jacet,
492 1705 609 1775 glaciem
622 1722 706 1776 quum
719 1707 831 1761 flumina
843 1707 961 1763 trudunt.
980 1712 1032 1763 310

210 1775 281 1835 Quid
294 1783 472 1854 tempestates
482 1776 620 1829 auctumni
634 1784 661 1829 et
674 1776 763 1830 sidera
774 1778 885 1831 dicaml

175 1847 276 1914 Atque,
289 1843 335 1897 ubi
347 1862 404 1915 Jam
418 1846 578 1914 breviorque
590 1843 650 1899 dies
662 1854 689 1898 et
702 1846 805 1900 mollior
816 1856 914 1915 aestas,

175 1914 253 1973 Quae
267 1914 401 1982 vigilanda
412 1915 494 1968 ririsl
511 1914 557 1967 nel
568 1931 633 1967 cum
645 1915 697 1967 ruit
709 1915 879 1969 imbriferum
891 1932 948 1988 ver,

175 1982 194 2036 S
213 1984 274 2037 ioea
285 1983 341 2053 jam
355 1985 461 2064 campis
472 2001 535 2038 cum
548 1984 648 2036 messis
659 1984 795 2054 inhorruit,
809 1993 912 2039 etcum
944 1988 945 1991 ’

162 2108 165 2113 ,
200 2063 323 2108 tumenta
336 2053 363 2106 in
375 2053 452 2106 viridi
465 2053 564 2123 stipula
575 2053 701 2106 lactentia
714 2054 839 2123 turgenti
979 2058 1031 2109 310

175 2122 263 2203 Saepe
275 2139 333 2192 ego,
347 2140 411 2176 cum
423 2123 500 2176 flavis
511 2139 659 2176 messorem
672 2123 809 2177 induceret
820 2124 892 2177 arvis

175 2191 308 2262 Agricola,
322 2202 350 2246 et
362 2193 448 2262 fragili
459 2192 516 2263 jam
528 2193 668 2260 stringeret
682 2191 781 2246 hordea
792 2195 890 2266 culmo,

175 2261 274 2316 Omnia
285 2272 427 2316 ventorum
439 2279 597 2315 concurrere
609 2261 709 2331 proelia
721 2262 784 2331 ridi,

175 2331 254 2390 Quae
264 2332 408 2399 gravidam
419 2331 473 2385 late
485 2342 609 2400 segetem
619 2329 656 2384 ab
668 2331 803 2387 radicibus
814 2332 878 2385 imis

176 2399 329 2455 Sublimem
341 2400 479 2471 expulsam
492 2409 616 2454 eruerent
623 2415 632 2469 3
650 2401 687 2453 ita
700 2401 805 2454 turbine
817 2403 892 2470 nigro
979 2405 1031 2456 sto

176 2468 271 2523 Ferret
283 2470 372 2524 hierus
382 2470 558 2540 culmumque
571 2470 661 2523 lenem
673 2471 838 2540 stipulasque
851 2471 972 2526 volantis.

175 2539 264 2609 Saepe
275 2540 359 2593 etiam
371 2540 536 2594 immensum
549 2539 625 2593 coelo
636 2539 711 2593 venit
723 2557 820 2608 agmen
833 2557 974 2612 aquarum,

174 2609 210 2663 Er
223 2609 331 2662 laedam
343 2609 493 2677 glomerant
505 2616 696 2680 tempestatem
709 2609 842 2663 imbribus
852 2611 918 2663 atris

173 2678 312 2733 Collectae
324 2696 358 2732 ex
370 2678 424 2732 alto
436 2678 523 2731 nubes
530 2696 538 2749 3
551 2678 608 2732 ‘ruit
619 2679 721 2732 arduus
732 2678 833 2748 aether,

173 2748 209 2802 Et
221 2747 314 2818 pluvia
326 2748 427 2817 ingenti
439 2757 498 2801 sata
510 2748 582 2801 laeta
593 2747 730 2818 boumque
742 2747 849 2802 labores
977 2751 1029 2802 320

171 2817 275 2886 Diluit;
290 2818 437 2886 implentur
448 2818 544 2887 fossae,
557 2826 584 2870 et
596 2833 663 2870 cava
676 2818 788 2872 flumina
799 2828 924 2872 crescunt

170 2885 241 2940 Cum
254 2888 352 2956 sonitu,
358 2887 506 2956 -servetque
519 2887 594 2940 fretis
605 2887 769 2956 spirantibus
779 2904 887 2956 aequor.

170 2956 237 3080 {1³⁸⁶
248 2943 337 3026 Pater,
349 2956 441 3010 media
453 2955 606 3009 nimborum
618 2957 645 3009 in
657 2966 743 3026 nocte,
757 2972 869 3009 corusca

195 3025 300 3079 ulmina
311 3025 419 3079 molitur
430 3025 541 3079 dextra:
560 3042 613 3095 quo
625 3025 747 3079 maxima
759 3033 833 3078 motu

168 3095 254 3148 Terra
266 3095 367 3166 tremit,
380 3095 476 3163 lugere
488 3095 570 3164 terne,
583 3102 611 3147 et
622 3094 745 3148 mortalia
757 3094 838 3148 corda
978 3099 1029 3149 330

169 3165 223 3218 Per
234 3165 324 3233 gentis
336 3165 454 3219 humiles
462 3164 560 3231 ¹stravit
572 3180 669 3234 paror:
688 3163 735 3216 ille
747 3162 871 3232 flagranti

40 3310 45 3320 ·
96 3245 102 3258 Ι
125 3279 245 3326 297-299.
259 3275 335 3324 Some
347 3274 398 3323 thiu
417 3291 481 3323 sure
491 3276 572 3323 better
580 3274 643 3322 done
654 3273 679 3322 in
690 3289 812 3331 summe13
825 3277 939 3324 eoo-310.
952 3275 1028 3324 Some

97 3333 123 3386 iu
132 3335 380 3384 winter.-3ll-334.
399 3291 544 3403 hbehavoc
555 3334 625 3381 made
637 3335 670 3392 by
681 3349 711 3381 an
723 3333 850 3402 autumnal
861 3344 947 3382 sturm.
973 3333 1016 3401 fid

97 3393 204 3464 mirpbly
214 3393 344 3454 expanded
360 3392 408 3442 and
418 3392 536 3451 imitated
551 3393 585 3453 by
597 3392 735 3450 'lhomsom
748 3407 774 3441 m
784 3392 823 3440 lna
834 3392 952 3451 Sumatur,
965 3391 1026 3440 lines

98 3452 267 3517 homnine-

297 3510 399 3560 metron.
408 3512 464 3552 alon
476 3510 570 3561 settling
581 3511 625 3551 o’er
638 3511 675 3552 the
687 3509 743 3550 lurid
753 3510 833 3560 murel
