2282 3790
478 144 572 190 ernau
591 146 635 190 rx.
944 96 1007 188 861

161 277 329 332 Conveniunt
340 277 446 346 Teucri,
459 275 621 330 Mnestheus
632 293 747 346 acerque
760 275 881 330 Serestus
888 291 897 345 ;

162 348 332 417 Palantisque
345 347 436 400 rident
449 348 534 399 socios
546 347 704 414 hostemque
718 354 864 414 receptum.
952 348 1014 398 ’780

162 418 195 470 Εῑ
206 417 382 469 Mnestheus:
403 416 477 474 ‘Quo
485 414 584 467 deinde
594 415 694 484 fugam,
704 432 756 484 qno
769 414 904 467 tenditisl’
918 414 1012 486 inquit.

160 485 233 545 Ques
244 486 310 538 alios
322 501 419 554 muros,
433 501 503 553 quae
514 483 570 554 jam
584 484 652 536 ultra
664 484 770 537 moenia
781 483 909 537 habetis?

96 557 99 562 ’
160 555 237 608 Unus
248 555 336 623 homo,
350 563 378 607 et
389 555 493 623 vestris,
507 570 523 605 c
535 553 616 621 cives,
631 554 750 624 undique
764 563 857 623 septus

160 624 318 693 Aggeribus,
332 631 420 676 tantas
432 632 534 691 strages
546 623 655 692 impune
667 640 714 692 per
726 623 821 675 urbem

162 693 303 745 Edideritl
320 692 451 762 juvenum
464 693 564 762 primos
577 701 613 744 tot
626 693 728 744 miserit
740 691 824 744 Orco‘l
960 694 1013 746 tet

160 762 220 815 Non
234 761 350 815 infelicis
361 762 461 831 patriae
474 772 650 828 veterumque
662 762 776 813 deorum

161 831 195 884 Et
207 832 297 900 magni
311 835 430 900 Aeneae,
443 847 547 898 segnes,
561 832 726 900 miseretque
738 830 876 903 pudetque
884 830 906 884 Ψ

159 900 270 953 Talibus
282 900 390 953 accensi
402 900 547 966 firmantur,
561 908 589 951 et
599 901 708 969 agmine
719 899 804 952 denso

159 970 322 1023 Oonsistunt.
358 969 466 1022 Turnus
477 968 607 1038 paulatim
620 969 753 1022 excedere
767 986 856 1040 pugna

159 1037 195 1092 Et
207 1039 320 1092 fluvium
369 1046 424 1090 tere
436 1054 470 1090 ao
482 1047 593 1108 partem,
606 1055 677 1107 quae
689 1039 802 1107 cingitur
814 1037 895 1092 unda.
960 1041 1013 1093 700

158 1108 259 1161 Acrius
270 1108 321 1161 hcc
357 1107 431 1160 eucri
443 1108 559 1161 clamore
573 1107 729 1162 incumbere
742 1123 846 1177 magno,
943 1173 947 1180 .

159 1176 196 1230 Et
206 1177 355 1245 glomerare
368 1192 495 1230 manum:
514 1193 564 1229 ceu
578 1192 689 1230 saevum
702 1176 780 1231 turba
792 1177 899 1232 leonem

159 1247 230 1299 Cum
241 1247 302 1299 telis
314 1247 411 1316 premit
424 1244 537 1299 infensis
544 1262 552 1314 3
570 1255 598 1299 at
612 1247 720 1300 territus
731 1246 785 1315 ille,

159 1318 255 1384 Asper,
267 1314 366 1368 acerba
378 1324 464 1383 tuens,
479 1324 547 1368 retro
560 1315 627 1368 redit
634 1332 642 1384 3
661 1324 688 1368 et
700 1332 787 1385 neque
799 1323 875 1384 terga

105 1426 108 1433 ,
159 1384 203 1437 Ira
214 1383 278 1438 dare
290 1393 335 1437 aut
348 1385 432 1437 virtus
444 1384 550 1454 patitur,
564 1401 615 1439 nec
627 1384 738 1445 tendere
750 1394 849 1456 contre,
942 1383 1014 1438 ‘toa

158 1453 209 1507 llle
242 1453 331 1507 nidern
344 1453 395 1506 hoc
407 1456 526 1523 cupiens,
540 1454 609 1523 potis
620 1463 662 1507 est
693 1472 723 1507 er
734 1455 788 1508 tela
801 1455 936 1526 virosque.

157 1471 241 1576 Haud
251 1523 328 1575 aliter
341 1532 408 1575 retro
421 1522 519 1577 dubius
532 1523 647 1591 vestigia
683 1541 765 1578 nrnus

158 1592 342 1661 improperata
353 1591 441 1661 refert,
456 1602 483 1646 et
495 1609 573 1645 mens
585 1602 726 1646 exaestuat
737 1594 785 1647 ira.

159 1662 231 1720 Quin
244 1661 328 1714 etiam
340 1661 381 1716 bis
394 1670 451 1715 tum
462 1661 568 1715 medios
580 1663 713 1715 invaserat
724 1662 817 1733 hostis,
965 1716 969 1723 ,

158 1730 206 1784 Bis
217 1729 327 1784 cculusa
339 1729 403 1799 luga
414 1748 463 1802 per
473 1747 563 1784 muros
574 1731 684 1799 agmina
693 1732 772 1784 vertit
779 1748 788 1800 ;
962 1735 1015 1786 800

157 1800 212 1853 Sed
226 1816 322 1854 manns
333 1817 349 1852 e
361 1801 457 1852 castris
468 1818 514 1869 pro
551 1817 578 1853 re
590 1804 645 1854 coit
656 1801 745 1854 omnis
756 1801 785 1855 in
797 1817 891 1872 unum,

159 1870 221 1923 Nec
229 1878 321 1922 contra
333 1869 402 1922 vires
414 1869 495 1922 audet
507 1899 519 1922 t
543 1872 628 1923 turnia
639 1870 708 1924 June

159 1938 307 2009 Sufficere5
325 1938 428 1992 aeriam
440 1939 514 1990 coelo
527 1956 590 1992 nam
602 1933 706 2019 Jupiter
718 1939 782 1994 Irim

159 2008 283 2076 Demisit,
296 2024 440 2076 germanae
453 2006 525 2061 baud
537 2008 628 2062 mollia
638 2026 713 2078 Jnssa
725 2009 865 2080 ferentem,

159 2077 196 2130 Ni
208 2077 315 2130 Turnus
326 2076 407 2130 cedat
418 2077 582 2132 Teucrorum
594 2078 736 2132 moenibus
747 2080 816 2132 altis.
962 2081 1013 2131 805

161 2147 233 2217 Ergo
245 2163 295 2199 nec
307 2146 393 2215 clipeo
404 2145 511 2215 juvenis
523 2148 667 2201 subsistere
681 2157 785 2202 tantum

160 2214 220 2268 Nec
233 2215 327 2269 dextra
338 2214 427 2268 valet:
447 2214 553 2285 injectis
565 2218 603 2271 sic
614 2218 732 2286 undique
745 2218 805 2271 telis

159 2285 295 2338 Obruitur.
331 2285 430 2354 Strepit
441 2285 550 2339 assiduo
562 2303 630 2339 cava
642 2296 762 2356 tempora
774 2288 876 2339 circum
966 2340 968 2345 ,

159 2353 271 2407 Tinnitu
283 2354 368 2425 galea,
382 2363 410 2407 et
422 2356 493 2408 saxis
506 2356 590 2408 solida
600 2372 664 2408 aera
676 2356 817 2424 fatiscunt,

161 2423 358 2493 Discussaeque
369 2423 451 2493 jubae
463 2424 558 2494 capiti;
576 2442 626 2478 nec
639 2424 737 2477 sufficit
749 2422 832 2477 umbo
962 2428 1015 2478 810

161 2493 280 2561 lctibus3
300 2494 465 2561 ingeminant
477 2493 562 2546 hastis
573 2503 600 2546 et
611 2494 695 2565 Tro‘ee'
706 2503 733 2546 et
746 2494 803 2563 ipse

161 2560 319 2614 Fulmineus
331 2562 499 2616 Mnestheus.
536 2560 608 2617 Tum
620 2572 673 2615 toto
685 2579 792 2632 corpore
805 2561 885 2617 sudor

159 2630 282 2700 Liqnitnr
293 2638 320 2683 et
332 2633 527 2700 piceum-nec
539 2634 668 2701 respirare
680 2639 833 2702 potestas—-

160 2698 277 2752 Flumen
289 2700 345 2769 agit
355 2718 363 2770 3
381 2700 467 2754 sessos
480 2700 566 2769 quatit
578 2717 659 2768 aeger
670 2700 804 2755 anhelitus
815 2712 896 2757 artus

159 2768 232 2821 Turn
244 2768 356 2822 demum
368 2786 465 2839 praece
485 2770 578 2839 ssaltu
592 2786 652 2822 sese
665 2772 790 2825 omnibus
800 2773 883 2825 armis
962 2773 1014 2824 815

158 2836 189 2891 ln
202 2837 315 2892 flurium
328 2838 411 2891 dedit.
448 2786 496 2892 trie
508 2855 556 2891 suc
568 2855 631 2892 curn
642 2855 692 2907 gur
712 2841 746 2893 ite
758 2841 829 2893 flavo

159 2908 274 2976 Accepit
286 2909 440 2961 venientem
452 2925 485 2960 ac
498 2907 623 2980 mollibrrs
635 2857 730 2962 extuglit
743 2910 830 2979 undis,

159 2975 195 3030 Et
208 2975 313 3029 laetum
325 2977 404 3030 sociis
415 2977 507 3030 abluta
518 2976 603 3029 caede
615 2977 725 3030 remisit.

112 3103 173 3151 794.
191 3101 289 3150 Acerba.
321 3102 369 3151 See
381 3102 469 3151 stEcl.
482 3103 515 3151 iii.
527 3106 550 3151 8.
581 3103 625 3158 Et,
639 3103 688 3152 doc.
719 3104 758 3152 He
774 3105 825 3152 ctu
839 3114 881 3152 not
897 3104 953 3160 fles,
966 3102 1015 3153 entl

82 3158 117 3208 be
132 3169 223 3208 cannot
238 3162 419 3209 resina-804.
447 3162 587 3217 Germanae,
604 3162 802 3211 Iunoni-806.
829 3164 917 3226 Clipea,
930 3161 1014 3211 delen·

80 3219 182 3280 eirely3
194 3222 287 3276 dextre,
296 3219 544 3280 offcnsivelp-en.
555 3221 590 3268 Et
597 3220 657 3269 with
665 3223 716 3283 ipsc
723 3221 768 3269 hes
779 3222 821 3270 the
831 3222 896 3270 force
906 3221 939 3276 cl,
952 3220 1015 3270 ‘and

80 3280 166 3327 above
177 3278 220 3334 all,
234 3278 383 3328 Mnestheus
396 3279 455 3327 with
466 3279 505 3327 his
515 3279 663 3340 theudering
673 3280 769 3340 might!
776 3284 868 3328 -818,
885 3279 909 3328 It
919 3279 972 3328 wilt
982 3280 1014 3328 be

80 3337 209 3387 observed
220 3337 273 3386 thet
284 3339 385 3388 Aeneas
396 3338 441 3387 has
453 3352 486 3387 nc
496 3337 567 3387 share
578 3338 604 3386 in
614 3337 656 3387 the
667 3348 755 3388 events
764 3339 793 3388 of
804 3339 854 3388 tbis
865 3337 939 3387 beck.
1024 3346 1030 3353 '

194 3437 228 3486 81
559 3437 601 3489 tr
666 3422 670 3429 ’
