2320 3744
515 194 608 236 trena
625 197 660 237 11.

195 321 314 376 Dixerat.
349 321 412 392 nte,
421 321 489 376 dolis
500 322 646 377 instructas
657 333 684 377 ot
696 331 754 378 erte
768 323 892 396 Pelasga,

195 391 309 445 Sustulit
322 401 418 445 exutas
429 393 525 445 vinclis
537 393 571 445 ad
587 394 675 446 sidera
687 395 805 464 palmas:

197 462 214 493 “
222 462 282 531 Vos,
296 463 398 514 aeterni
412 462 492 531 ignes,
507 471 533 514 et
546 480 597 514 non
611 464 737 516 violabile
748 473 868 516 restrum

195 530 290 583 Testor
301 533 431 600 numen‚'’
444 533 489 602 ait,
505 534 521 564 “
530 542 577 584 vos
589 549 651 585 arae
664 536 798 602 ensesque
810 531 920 586 nefandi
1001 535 1051 584 1⁵5

136 618 140 622 ‘
196 599 269 658 Quos
281 599 346 669 lugi,
361 601 496 670 vittaeque
509 601 599 670 deum,
614 619 682 671 quas
693 602 781 654 hostia
793 602 881 670 gessi:

196 668 249 721 Fas
261 669 327 722 mihi
340 671 478 722 Graiorum
492 680 595 722 sacrata
607 672 739 724 resolvere
750 671 817 740 juta,

196 737 250 791 Fas
261 739 350 791 odisse
362 739 440 808 viros,
454 748 537 810 atque
550 741 640 793 omnia
652 741 720 793 ferre
733 741 784 793 sub
795 757 882 808 auras,

197 806 224 860 si
236 824 290 876 qua
304 816 397 876 tegunt
405 825 412 876 3
421 807 523 862 ‘teneor
534 811 702 878 patriaeneo
714 810 819 878 legibus
831 809 904 862 ullis.

196 876 239 930 Tu
251 877 332 930 modo
345 878 483 947 promissis
494 895 613 948 maneas,
627 888 787 949 servataque
802 894 895 932 serres

168 988 171 993 ,
196 944 277 1015 Troja
291 946 383 1015 fidem,
397 947 419 999 si
431 962 495 1001 vera
507 948 600 1018 feram,
614 950 636 1001 si
649 966 749 1017 magna
762 948 938 1018 rependam.''

234 1016 350 1068 “Omnis
362 1033 424 1086 spes
436 1017 560 1071 Danaum
572 1029 599 1070 et
611 1019 699 1089 coepti
711 1018 811 1072 fiducia
822 1012 905 1071 belli⁴

197 1083 315 1139 Palladis
326 1086 435 1138 auxiliis
448 1104 555 1157 semper
567 1089 663 1140 stetit·
686 1088 790 1157 Impius
801 1104 837 1140 ex
848 1102 901 1156 quo

197 1154 321 1224 Tydides
332 1154 381 1208 sed
395 1155 468 1209 enim
481 1157 670 1226 scelerumque
682 1157 804 1210 inventor
815 1157 916 1225 Ulixes,

197 1222 292 1276 Fatale
305 1224 423 1294 adgressi
437 1235 540 1278 sacrato
552 1226 670 1279 avellere
683 1226 783 1295 templo

197 1292 358 1364 Palladium,
372 1295 459 1347 caesis
472 1313 595 1348 summae
608 1295 765 1349 custodibus
776 1293 853 1362 arcis,

197 1363 353 1432 Corripuere
366 1380 470 1417 sacram
482 1365 609 1433 effigiem,
624 1364 801 1433 manibusque
813 1363 933 1417 cruentis

197 1431 338 1499 Virgineas
350 1433 409 1486 ausi
421 1433 501 1486 divae
513 1434 667 1505 contingere
680 1434 776 1486 vittas:

198 1501 240 1553 Ex
253 1501 299 1553 illo
311 1502 396 1555 fluere
408 1520 440 1555 ac
453 1513 521 1556 retro
534 1503 661 1572 sublapsa
674 1503 765 1555 referri

197 1569 264 1639 Spes
276 1571 408 1640 Danaum,
422 1571 523 1625 fractae
535 1574 612 1640 vires,
626 1589 721 1637 anessa
733 1572 802 1624 deae
814 1587 900 1624 mens.

196 1639 257 1693 Nec
269 1640 359 1693 dubiis
370 1658 403 1694 ea
416 1642 491 1710 signa
503 1641 576 1695 dedit
588 1642 854 1695 Tritonismonstns.

196 1708 250 1762 Vix
261 1711 378 1779 positum
391 1712 484 1763 castris
495 1711 684 1764 simulacmm:
703 1727 793 1763 arsere
806 1726 933 1763 coruscae

197 1778 358 1832 Luminibus
370 1780 496 1832 flammae
508 1781 627 1850 arrectis,
640 1780 780 1850 salsusque
793 1796 841 1849 per
851 1787 926 1832 attus

197 1846 283 1900 Sudor
295 1848 333 1917 iit,
348 1857 441 1918 terque
454 1849 513 1919 ipsa
525 1850 739 1902 solo-mirabile
751 1849 860 1901 dictu-

197 1916 325 1984 Emicuit,
338 1936 514 1988 parmamque
527 1920 617 1971 ferens
629 1919 789 1988 hastamque
801 1925 972 1969 trementem.
1003 1920 1052 1970 175

199 1986 342 2055 Extemplo
355 1989 482 2039 tentanda
494 1988 558 2056 fuga
570 1988 640 2040 canit
653 2005 769 2057 aequora
782 1986 903 2057 Calchas,
1063 1997 1065 2000 ⁴

197 2055 258 2107 Nec
269 2072 349 2125 posse
362 2058 495 2124 Argolicis
506 2058 626 2110 exscindi
640 2059 772 2125 Pergama
785 2056 852 2126 telis,

197 2125 294 2177 Omina
308 2125 332 2177 ni
348 2136 466 2194 repetant
478 2128 564 2196 Argis,
579 2144 732 2196 numenque
746 2127 882 2194 reducant,

197 2193 275 2252 Quod
288 2195 383 2263 pelago
396 2205 423 2247 et
436 2197 525 2248 ctrrvis
536 2213 630 2248 secum
643 2204 759 2248 avexere
772 2195 876 2248 carinis.

198 2262 233 2315 Et
245 2280 325 2332 nunc,
338 2265 408 2332 quod
423 2266 521 2333 patrias
535 2277 613 2317 vento
626 2267 726 2334 petiere
739 2265 881 2334 Mycenas,
1003 2266 1052 2316 teo

123 2338 1052 2419 affl

123 2417 226 2475 general
243 2417 357 2522 question
373 2421 431 2478 qaid
443 2425 548 2480 petuas?
559 2448 590 2458 -
602 2423 653 2468 157.
673 2419 730 2466 Fas.
764 2418 840 2465 What
857 2419 878 2465 is
894 2416 1009 2464 ordained
1025 2431 1053 2464 or

122 2475 241 2535 permitte
276 2478 309 2535 by
321 2477 431 2524 Heoven.
463 2477 536 2525 From
553 2478 595 2525 the
612 2478 755 2525 connection
771 2476 799 2524 01
811 2477 860 2523 this
875 2491 979 2535 passage
991 2474 1052 2522 with

122 2543 216 2590 teneor,
236 2534 341 2596 &osca
364 2536 490 2596 evidently
506 2537 602 2595 implies
625 2547 680 2584 est:
705 2537 805 2583 Hearen
828 2536 939 2593 permits,
958 2534 1004 2582 aad
1020 2549 1052 2581 no

122 2593 238 2646 (human)
249 2594 311 2641 lawa
327 2595 356 2642 01
368 2607 470 2654 country
483 2611 538 2643 now
550 2595 606 2643 bind
623 2611 671 2644 me.
681 2624 713 2634 -
722 2599 772 2642 161.
790 2594 934 2662 Repeadam,
948 2608 990 2651 pro
1001 2593 1053 2640 vita

120 2661 148 2699 et
161 2651 386 2702 libertate-163.
404 2654 485 2702 Stetit.
518 2655 597 2710 Stare,
611 2655 635 2703 in
647 2655 707 2702 such
724 2669 888 2712 expressions,
902 2668 995 2707 means,
1011 2657 1052 2699 ‘to

119 2721 175 2758 rest
194 2727 210 2758 u
244 2712 529 2761 ιμ’-1618000010.
562 2713 775 2761 8001400119.
808 2711 856 2759 Sat
872 2712 945 2772 hujus
961 2711 1053 2758 auxilia

119 2727 311 2829 deperdiilerant
333 2774 364 2819 im
385 2773 419 2820 'aa
441 2775 610 2841 enim-165.
633 2773 719 2820 Fatale
725 2789 745 2840 ,χ
760 2772 831 2824 lata.
847 2781 972 2840 ¹prognant
992 2769 1053 2817 with

117 2828 249 2877 fate-aot
261 2830 327 2878 fatal.
372 2847 399 2878 or
408 2831 449 2879 the
460 2847 554 2879 serrare
563 2832 591 2879 of
598 2831 640 2878 the
653 2831 798 2885 Palladium,
810 2847 837 2878 or
845 2846 924 2889 rmage
933 2829 961 2876 01
969 2828 1052 2876 Palles

117 2887 238 2936 fastened
254 2888 327 2937 down
344 2890 404 2937 with
420 2890 513 2945 chains,
532 2906 573 2937 see
592 2890 666 2945 ovid,
680 2891 741 2938 Met.
759 2890 809 2937 xiii.
826 2893 879 2944 337,
899 2888 987 2936 &c-
998 2890 1050 2937 167.

116 2945 245 2996 Messalas
255 2950 370 2996 cruentis.
403 2949 451 2996 See
463 2953 516 3004 717,
531 2949 682 2996 cca-169.
714 2949 754 2996 Ec
770 2951 811 2996 illo
827 2948 902 2995 refers
913 2947 977 2994 back
988 2956 1013 2993 to
1025 2963 1053 2994 aa

114 2998 477 3114 alteralitatem·
491 3005 1053 3115 austu-⁰¹sitotvtsttattuu

114 3126 200 3192 topia.
232 3126 257 3171 A
268 3082 340 3173 ngame
352 3126 389 3172 for
401 3103 491 3178 Pallas,
505 3102 565 3173 from
578 3084 772 3183 hellibishipldt
784 3125 826 3172 tlrs
835 3081 893 3171 ielis
906 3099 1016 3170 Tritonis
1028 3122 1054 3170 iu

115 3183 214 3242 Libya,
227 3199 286 3231 near
298 3184 388 3239 which,
403 3184 532 3245 according
547 3196 572 3231 to
588 3200 655 3231 some
672 3183 781 3244 legende,
795 3184 839 3230 she
855 3182 908 3230 first
924 3198 938 3230 a
955 3181 1052 3241 peared.

113 3244 218 3291 -173,
242 3242 397 3299 Luminibus,
415 3244 604 3292 oculis-177.
628 3243 758 3304 Argolicis.
791 3241 839 3289 See
855 3246 893 3288 55.
950 3257 1052 3303 argema.

115 3301 263 3361 Pergamus
274 3313 350 3357 (nent.
363 3303 389 3350 in
399 3301 441 3349 the
452 3302 602 3361 pluralitatis
614 3303 726 3361 properly
738 3301 779 3348 the
795 3300 883 3348 citadel
895 3300 924 3346 of
936 3300 1012 3358 Troy.
1024 3323 1054 3335 -

109 3363 175 3409 178.
200 3358 307 3418 Numen,
325 3362 368 3410 the
385 3360 471 3408 favour
485 3362 513 3409 01
530 3361 640 3408 Heaven.
652 3388 683 3400 -—
695 3364 746 3408 179.
770 3360 885 3413 Aoecere,
904 3357 1051 3410 indicetivc;

112 3419 245 3469 therefore
257 3437 272 3469 a
282 3421 382 3470 remark
394 3419 421 3467 01
434 3419 642 3469 Simas-18⁰.
659 3418 785 3480 Mycenas.
818 3418 867 3466 See
878 3417 894 3464 i.
905 3418 959 3464 283.

228 3485 260 3534 14
