2288 3732
482 302 576 345 trusa
594 303 615 345 r.
929 324 931 333 .
971 291 1012 351 71

147 426 258 486 Onluit:
277 436 325 484 aut
338 429 413 491 illum
425 440 581 500 surgentem
593 430 709 487 vallibus
722 431 784 487 imis

124 558 131 571 .
149 501 250 556 neriae
263 499 360 569 lugere
370 514 467 570 grues3
484 510 532 555 aut
545 501 765 556 bucula'coelum
957 507 1010 558 375

148 571 307 642 Suspiciens
318 570 419 640 patulis
430 570 549 642 captavit
561 571 672 625 naribus
683 585 780 639 aurasJ

149 643 205 694 Aut
215 648 313 710 arguta
324 639 401 693 lacus
412 640 637 695 circumvolitavit
649 639 780 709 birondo;

149 712 184 765 Et
196 719 320 767 veterem
333 709 360 763 in
371 709 437 764 limo
449 727 530 764 ranae
542 710 667 764 cecinere
679 710 828 779 querelam.

148 779 265 850 Saepius
277 786 305 832 et
316 781 397 833 tectis
409 780 593 848 penetralibus
604 778 700 833 extulit
712 796 764 833 ora

148 850 305 919 Augustum
317 848 431 903 formica
442 856 534 904 terens
545 850 595 903 iter
602 866 610 919 3
630 859 659 903 et
670 849 737 904 bibit
749 850 846 920 ingens
942 848 1010 906 ἰ300

149 921 254 988 Arcus3
271 925 300 972 et
312 935 329 971 e
340 927 419 988 pastu
430 918 569 972 decedens
579 920 689 989 agmine
699 936 798 989 magno

148 989 294 1042 Corvormn
307 988 437 1058 increpuit
449 988 543 1042 densis
554 990 690 1043 exercitus
700 988 760 1043 slis.

145 1058 208 1112 Jarn
220 1058 310 1111 varias
320 1058 410 1128 pelagi
421 1058 552 1129 volucres,
567 1067 594 1112 et
605 1076 677 1129 quae
688 1060 755 1112 Asia
766 1059 869 1115 circum

149 1127 284 1181 Dulcibus
295 1127 322 1180 in
335 1128 437 1196 stagnis
448 1128 579 1182 rimantur
589 1137 665 1199 prata
677 1129 788 1203 Caystri,

148 1196 280 1251 Certatim
291 1196 380 1265 largos
391 1197 512 1250 humeris
523 1197 665 1251 infundere
676 1215 755 1269 rores,
944 1203 1009 1254 ’385

148 1267 230 1321 Nunc
241 1274 324 1337 caput
336 1266 473 1337 objectare
485 1266 569 1337 iretis,
582 1285 655 1322 nnnc
667 1285 774 1321 currere
786 1269 814 1323 in
825 1268 921 1341 undas,
968 1282 971 1289 ⁴

149 1337 186 1391 Et
198 1336 287 1390 studio
299 1336 436 1390 incessum
450 1336 545 1390 videas
555 1338 655 1406 gestire
667 1337 785 1392 lavandi.
980 1352 982 1356 ·

149 1406 224 1460 Turn
234 1405 327 1459 cornix
343 1405 423 1476 plena
435 1405 556 1475 pluviam
568 1415 647 1460 voest
659 1407 781 1476 improba
791 1424 867 1482 voce,
941 1410 945 1419 '

148 1476 185 1530 Et
196 1475 254 1529 sola
265 1475 293 1529 in
306 1475 382 1529 sicca
391 1492 487 1529 secum
499 1476 628 1547 spatiatur
638 1492 727 1530 arena.

147 1544 458 1615 Nenocturnaquidem
469 1546 826 1617 carpentespensapuellae
957 1552 1009 1604 300

147 1614 299 1673 Nescivere
311 1614 441 1686 hiemem,
455 1623 525 1669 testa
537 1631 601 1668 cum
611 1614 723 1669 ardente
735 1617 857 1672 viderent
938 1669 942 1674 ,

148 1684 300 1738 Scintillam
312 1682 410 1754 oleum,
424 1693 452 1738 et
464 1685 551 1754 putris
562 1701 736 1739 concrescere
747 1686 854 1756 fungos.

108 1752 111 1757 ’
182 1754 244 1808 Nec
256 1753 346 1808 minos
358 1771 393 1808 ex
404 1755 485 1809 imbri
497 1753 569 1808 seles
581 1764 608 1809 et
620 1763 714 1824 aperta
726 1772 822 1810 serena

147 1822 306 1894 Prospicere
318 1832 345 1877 et
357 1824 439 1878 certis
450 1824 550 1894 poteris
560 1840 723 1894 cognoscere
735 1826 827 1894 signis.

145 1893 221 1947 Nam
233 1909 323 1962 neque
337 1902 397 1947 tum
409 1895 494 1948 stellis
505 1894 579 1948 acies
591 1895 687 1948 obtusa
700 1894 814 1965 videtur,
955 1901 1008 1951 305

145 1963 208 2017 Nec
220 1961 310 2016 fratris
320 1963 401 2017 radiis
413 1963 528 2018 obnoxia
539 1980 649 2033 surgere
661 1965 745 2033 Luna⁷

145 2033 253 2087 Tenuis
266 2048 318 2086 nee
329 2031 408 2086 lenae
420 2050 469 2104 per
481 2034 589 2087 coelum
601 2033 702 2087 vellera
713 2034 792 2104 ferri3

146 2103 209 2157 Non
222 2101 344 2173 tepidum
358 2103 391 2156 ad
406 2103 491 2157 solem
506 2121 610 2174 pennas
622 2105 649 2158 in
659 2104 737 2157 litore
749 2103 869 2174 pandunt

146 2171 272 2227 Dilectae
284 2172 395 2226 Thetidi
406 2173 536 2245 alcyones
543 2190 551 2243 3
569 2190 622 2228 non
633 2190 681 2227 ore
692 2173 794 2228 solutes

145 2241 287 2298 luxmundi
297 2244 449 2297 meminere
461 2260 525 2297 sues
541 2242 642 2314 jactare
654 2243 795 2314 maniplos.
957 2250 1009 2301 400

126 2354 130 2363 .
145 2314 185 2367 At
195 2311 314 2366 nebulae
326 2312 413 2381 magis
425 2313 482 2367 ima
492 2321 588 2384 petunt
600 2328 750 2384 campoque
762 2313 922 2371 recumbunt
929 2331 938 2386 3

145 2382 216 2436 Solis
226 2390 255 2435 et
265 2398 394 2439 occasum
405 2399 517 2436 servans
526 2381 563 2436 da
575 2381 693 2437 eulmine
706 2399 814 2437 summo

144 2451 344 2522 Nequidquam
356 2468 430 2505 seros
442 2461 551 2506 exercet
562 2462 661 2506 noctua
672 2461 777 2507 cantus.

145 2523 268 2592 Apparet
280 2520 380 2591 liquide
392 2521 517 2576 sublimis
527 2522 554 2576 in
566 2526 629 2576 aere
640 2523 731 2590 Nisus,

145 2592 183 2646 Et
194 2607 242 2661 pro
254 2606 387 2661 purpureo
451 2608 502 2645 nas
513 2591 559 2645 dat
571 2591 661 2662 Scylla
671 2590 786 2662 capillo:
955 2598 1008 2649 405

144 2660 328 2730 Quacumque
341 2661 387 2714 illa
409 2678 489 2715 avem
502 2661 609 2730 fugiens
620 2670 695 2715 secat
706 2661 818 2715 aethera
829 2661 934 2735 pennis,

88 2738 91 2743 '
144 2728 238 2785 secet
259 2729 394 2800 inimicus,
406 2740 490 2802 atrox,
503 2749 532 2786 m
585 2732 724 2785 ostridore
736 2748 784 2802 per
796 2746 877 2785 auras

146 2799 304 2870 Insequitur
315 2800 416 2870 Nisus3
434 2817 489 2871 qua
500 2818 530 2854 se
555 2810 595 2855 ert
606 2801 690 2856 Nisus
700 2801 735 2854 ad
747 2816 834 2871 suras,

144 2869 198 2923 llla
209 2868 303 2923 levem
314 2869 421 2938 fugiens
432 2870 531 2941 raptim
544 2881 619 2924 secat
630 2871 741 2924 aethera
754 2871 859 2942 pennis.

142 2937 802 3011 'l'umliquidascorvipressotergnttnrevoccs
954 2945 1007 2997 410

142 3011 203 3065 Aut
213 3017 311 3089 quater
322 3007 504 3078 ingeminant;
524 3019 551 3064 et
563 3027 646 3081 saepe
658 3009 796 3064 cubilibus
806 3007 876 3081 altis,

142 3080 248 3134 Nescio
257 3093 314 3159 qua
326 3088 432 3147 praeter
443 3080 554 3133 solitum
564 3080 709 3134 dulcedine
721 3079 794 3150 laeti,

142 3148 219 3202 Inter
230 3163 261 3202 se
274 3165 301 3201 ru
313 3145 385 3201 foliis
398 3157 452 3202 stre
472 3149 555 3219 itent3
572 3149 655 3219 juvat,
669 3149 801 3203 imbribus
812 3147 888 3221 actis,

142 3218 308 3288 Progeniem
320 3232 436 3288 perram
446 3166 588 3290 clulcisque
600 3220 718 3272 revisere
729 3218 816 3273 nidos.
907 3246 912 3251 ·

50 3348 57 3357 ,
142 3287 226 3342 Haud
238 3286 369 3359 equidem
380 3287 469 3360 credo,
482 3289 547 3359 quia
559 3288 594 3343 eit
606 3288 736 3343 divinitus
748 3288 804 3342 illis
954 3293 1007 3343 415

142 3357 300 3427 Ingenium,
313 3366 360 3410 aut
373 3373 462 3412 rerum
475 3358 531 3412 lete
542 3358 685 3428 prudentia
697 3357 783 3427 major
790 3373 799 3426 3

142 3426 255 3499 Verum,
269 3426 318 3481 nbi
331 3433 481 3499 tempestas
492 3437 520 3482 et
531 3428 600 3482 coeli
613 3427 721 3482 mobilis
733 3427 831 3479 humor

153 3580 158 3585 ·
183 3561 303 3612 eae-tm
318 3560 542 3627 Thaprogoostics
552 3557 713 3611 thetforetell
723 3553 906 3638 subvertisse
