2242 3826
477 230 638 275 mmo!-

166 355 373 480 Munsmnqoae
384 358 476 428 patriis
486 357 519 411 ad
533 375 578 411 me
590 358 700 429 portatis
710 357 747 413 ab
757 358 817 428 oris,

166 425 270 480 Vertite
328 429 448 481 Aenean.
485 427 615 480 Stetimus
626 427 680 480 teia
692 445 789 496 aspera
801 437 901 497 contra,

165 496 386 566 Contulimusque
398 513 507 550 manus:
528 506 636 564 experto
648 499 756 565 credite,
770 508 887 566 quantus

165 564 196 618 lu
208 565 324 634 clipeum
336 565 470 633 adsurgat,
503 581 536 616 uo
550 566 652 617 turbine
665 576 786 636 torqueat
799 566 916 620 hastam.

165 632 191 686 Si
203 633 256 687 duo
268 644 407 703 praeterea
422 583 576 687 ratisidaea
589 634 692 691 tulisset
793 656 796 660 ·
958 640 1005 689 285

164 702 247 755 Terra
258 703 336 765 viros.
350 705 417 757 ultro
430 702 552 757 inachiae
564 705 681 756 venisset
693 704 727 756 ad
740 704 821 758 urbes

163 769 311 841 Dardanus,
325 781 352 825 et
364 774 448 826 versis
459 772 561 841 lugeret
573 773 685 826 Graecia
696 773 768 826 satis.

162 839 300 910 Quidquid
312 841 383 911 apud
395 842 478 894 durae
490 853 627 895 cessatum
638 851 679 896 est
690 843 798 896 moenia
809 840 914 914 Trojac,

162 908 285 962 Hectoris
296 913 459 979 Aeneaeque
472 927 552 963 manu
566 911 674 963 victoria
685 912 796 965 Graium

162 977 258 1031 Haesit
270 988 297 1031 et
309 980 335 1032 in
348 980 484 1033 decimum
497 979 610 1048 vestigia
622 980 710 1033 retulit
721 997 831 1034 annum.
959 983 1009 1033 290

161 1047 251 1101 Ambo
262 1049 366 1117 animis,
379 1049 460 1102 ambo
473 1048 590 1117 insignes
620 1050 798 1103 raestantibus
808 1047 906 1119 annis,

161 1115 212 1169 Hic
223 1117 323 1188 pietate
335 1119 413 1188 prior.
449 1119 549 1172 Coeant
562 1117 588 1171 in
601 1065 709 1172 Foedera
720 1119 840 1188 dextrae,

160 1185 221 1244 Qua
232 1187 310 1240 datur
317 1204 325 1256 5
343 1195 384 1240 aet
395 1188 478 1240 armis
490 1197 644 1241 concurrant
656 1205 731 1241 arina
742 1184 866 1241 cavete.”

161 1254 196 1309 Et
209 1272 336 1336 responsa
347 1256 508 1336 simuiquae
520 1256 580 1325 sint,
594 1273 641 1311 rex
652 1256 759 1336 optime,
773 1257 843 1326 regis

161 1324 276 1394 Audistr,
290 1336 316 1378 et
329 1343 399 1395 quse
411 1337 446 1378 sit
458 1343 555 1405 inagno
567 1325 800 1380 sententiabant)
958 1330 1009 1379 295

197 1393 245 1447 vix
258 1413 292 1446 ea
303 1395 398 1463 legati:
416 1412 560 1465 varrusque
572 1412 675 1465 perora
687 1395 801 1449 cucurrit

161 1463 332 1518 Ausonidum·
341 1464 445 1517 turbata
457 1464 555 1518 fremor
562 1481 569 1532 5
587 1482 638 1517 ceu
650 1482 715 1518 saxa
727 1473 863 1518 morantur

160 1531 229 1584 Corn
242 1533 347 1602 rapidos
359 1535 453 1603 aronis,
466 1535 496 1588 fit
508 1533 599 1587 clauso
610 1535 714 1602 gurgite
726 1551 855 1604 murmur,

160 1599 325 1670 Vicinosque
338 1602 456 1659 fremunt
469 1604 543 1673 ripae
553 1604 746 1672 crepitantibus
758 1602 845 1656 undis.

130 1710 134 1715 .
160 1668 196 1722 Ut
208 1670 323 1738 primurn
336 1671 432 1740 placati
444 1673 535 1741 auinri,
548 1682 574 1726 et
587 1672 749 1741 trepidaora
760 1673 894 1742 quierunt,
956 1675 1009 1723 300

160 1738 300 1793 Praefatus
311 1740 387 1793 divos
399 1741 463 1794 solio
475 1759 523 1796 rex
533 1741 590 1795 infit
601 1741 637 1795 ab
648 1739 717 1796 alto:

193 1810 278 1861 ‘Ante
291 1810 418 1880 equidem
431 1828 538 1864 summa
548 1811 584 1864 de
596 1828 624 1863 re
636 1811 769 1878 statuisse,
782 1809 880 1881 Latini,

161 1877 196 1932 Et
207 1878 316 1950 vellera,
329 1889 355 1931 et
368 1880 454 1933 fuerat
466 1879 580 1949 melius3
597 1896 648 1934 non
662 1889 781 1949 ternpore
793 1879 841 1935 tati

161 1947 262 2014 Cogere
274 1948 424 2019 concilium,
437 1966 499 2003 curn
513 1966 603 2003 muros
614 1949 715 2002 assidet
727 1948 819 2002 hostis.

161 2015 268 2070 Bellum
279 2018 468 2087 importunum,
481 2019 562 2087 cives,
575 2029 731 2086 cumgente
743 2017 853 2071 deorum
959 2020 1013 2072 305

160 2086 324 2154 invictisque
336 2089 401 2140 viris
411 2088 537 2156 gerimus,
570 2088 703 2140 nosnullo
715 2086 826 2156 fatigant

162 2153 272 2221 Proelia,
286 2173 337 2208 nec
349 2158 411 2210 victi
424 2166 532 2226 possunt
544 2175 560 2208 a
580 2157 672 2208 sistere
685 2156 776 2209 ferro.-

161 2222 241 2290 Spem
255 2227 276 2276 si
289 2242 370 2293 quarn
383 2225 493 2278 adscitis
504 2226 631 2278 Aetolum
643 2225 774 2279 habuistis
785 2224 811 2277 in
824 2225 915 2294 armis,

161 2292 275 2416 Ponited
307 2294 374 2373 §pes
397 2295 448 2347 sibi
471 2295 599 2364 quisque,
627 2295 675 2348 sed
698 2294 768 2348 haec
790 2311 873 2364 quam
896 2302 1018 2363 angusta

232 2379 257 2414 vr
277 2371 337 2415 otis.

162 2431 258 2484 Cetera
269 2449 323 2501 qua
335 2450 423 2485 reruni
435 2431 541 2502 jaceant
554 2431 676 2502 perculsa
688 2432 771 2500 ruina,
961 2436 1019 2487 310

162 2502 234 2554 Anto
244 2502 336 2555 ocutos
348 2503 470 2570 interque
481 2519 577 2555 manus
589 2511 650 2554 sunt
661 2502 751 2554 omnia
764 2511 875 2554 vestras.

162 2571 222 2623 Nec
233 2587 396 2640 quemquam
411 2571 517 2623 incuso:
537 2570 704 2640 potuitquae
718 2570 832 2639 piurima
845 2571 931 2624 virtus

163 2639 237 2708 Esse,
251 2639 302 2693 fuit
310 2656 318 2709 ;
337 2649 389 2692 toto
402 2650 531 2692 certatum
544 2649 585 2692 est
597 2656 704 2709 corpore
717 2639 801 2707 regni.

161 2709 242 2761 Nunc
253 2709 328 2778 adeo,
342 2726 412 2778 quae
426 2709 460 2761 sit
472 2708 571 2762 dubiae
584 2707 717 2761 sententie
730 2708 821 2777 menti,

162 2777 313 2846 Expediarn
326 2786 353 2830 et
366 2778 596 2846 paucis-animos
607 2776 881 2831 adhibete-docebo.
964 2780 1024 2833 310

161 2845 213 2899 Est
225 2848 350 2915 antiquus
360 2863 426 2914 agar
437 2847 525 2899 Tusco
537 2846 605 2899 mihi
618 2847 755 2916 proximus
765 2846 848 2915 amni,

163 2915 271 2983 Longus
283 2916 309 2969 in
320 2932 454 2983 occasum,
468 2915 528 2968 finis
540 2933 619 2984 super
631 2931 717 2985 usque
729 2916 854 2984 Sicanos3

122 3041 176 3099 083.
193 3037 316 3109 Stetimus,
335 3040 384 3088 dcc.
401 3040 417 3088 i.
433 3044 569 3108 975-285.
594 3040 665 3089 Idaea
682 3050 756 3097 terro,
775 3040 859 3096 Troe,
878 3041 904 3089 ii
917 3043 1030 3110 ¹694.-

91 3095 283 3165 2863Iocctrros,
302 3098 418 3167 Graecas,
435 3115 477 3147 vn.
494 3103 647 3168 iod-3287.
664 3099 805 3168 Dardanus,
850 3114 932 3160 rojam.
971 3100 1029 3148 So·

93 3160 163 3254 geri.
174 3156 228 3257 63¹8,
241 3155 288 3203 and
298 3172 313 3204 a
322 3157 415 3224 similar
426 3157 622 3216 personrficatron
634 3167 658 3206 at
669 3174 702 3206 rx.
713 3161 863 3227 443.-393.
879 3158 994 3226 Ifr'ctotae,
1006 3157 1028 3207 ἰ.

96 3214 1030 3345 ar’snutannuntiantistrutannus

7 3376 12 3383 ,
94 3329 820 3404 onnmrtemeanrng‚411.-316.Quemquamne.
852 3335 1030 3393 Thrsrspro·

30 3413 32 3419 ·
95 3370 570 3499 ssmfffflqqrmsomglqldslffl
580 3394 710 3502 ffiwniss
721 3393 966 3502 tgrgssssttlomsntof
979 3392 1032 3445 tho

347 3467 393 3492 ···
446 3483 451 3495 ·
570 3486 578 3499 .
669 3468 719 3501 rur.
778 3489 784 3502 .
