2242 3826
472 226 634 271 ssNEIDOS.

159 357 227 412 om
238 356 312 426 focis,
325 351 470 427 tepidoque
482 355 626 411 onerabant
638 373 738 425 aggere
749 365 843 411 terrae.
928 406 933 413 .

160 427 220 481 Jarn
234 427 334 479 veroin
347 427 432 496 tectis,
446 425 601 496 praedivitis
614 427 678 478 urbe
692 425 784 494 Latini,

163 496 326 565 Praecipuus
337 495 424 564 fragor
436 505 463 547 et
475 494 546 563 longi
559 512 619 563 pars
631 496 750 548 maxima
762 493 860 547 luctus.

163 564 214 617 llic
226 573 325 617 matres
337 564 504 633 miseraeque
518 580 607 633 nurus,
621 563 665 615 hic
677 581 739 616 cara
751 578 870 617 sororum
961 567 1012 619 21³

98 680 102 689 .
161 633 272 687 Pectora
283 642 451 686 moerentum
472 633 600 702 puerique
613 633 766 701 parentibus
777 632 841 701 orbi,

96 696 101 717 ⁴
160 701 254 756 Dirum
266 710 438 755 exsecrantur
450 673 550 755 liellum
563 702 699 770 'Furnique
713 701 879 770 hymenaeos
885 717 895 772 3

159 771 252 840 Ipsum
263 771 353 839 armis,
366 771 507 840 ipsumque
518 769 613 839 jubent
625 768 769 822 decernere
782 769 859 841 ferro,

160 841 213 899 Qui
224 856 334 908 regnum
349 839 442 892 ltaliae
454 850 481 891 et
487 842 592 961 lprimos
604 838 654 891 'sibi
666 849 759 908 poscat
771 839 894 893 honores.

160 909 282 977 ingravat
296 909 365 961 haec
377 924 475 961 saevus
512 925 613 978 rences,
627 908 766 979 solumque
778 909 866 962 vocari
960 912 1011 962 220

97 1038 101 1047 Ι
137 1022 144 1033 .
160 979 290 1046 Testatur,
304 977 390 1030 solum
403 979 476 1047 posci
489 978 515 1030 in
527 979 676 1031 certamina
688 978 818 1030 ‘Burnum

159 1046 248 1100 Multa
262 1046 342 1100 simul
354 1058 445 1099 contra
455 1047 538 1100 variis
550 1048 683 1099 sententia
694 1046 773 1099 dictis

159 1116 209 1169 Pro
221 1117 309 1169 Turno
316 1131 324 1184 ;
342 1124 370 1168 et
382 1132 511 1183 magnum
525 1116 631 1185 reginae
643 1132 740 1168 nomen
753 1115 894 1170 obumbrat
900 1131 911 1186 3

160 1185 253 1249 Multa,
261 1187 347 1238 virum
360 1186 463 1238 meritis
475 1193 605 1238 sustentat
620 1183 692 1237 sarna
704 1180 825 1254 tropaeis.

195 1254 329 1307 Hosinter
340 1261 435 1321 motus,
446 1253 535 1308 medio
548 1253 574 1306 in
589 1254 716 1322 flagrante
728 1253 852 1324 tumultu,
936 1314 941 1325 .
960 1258 1012 1308 225

160 1324 232 1377 Ecce
244 1340 323 1394 super
335 1323 431 1375 moesti
443 1340 543 1390 magna
557 1323 694 1381 Diomedis
705 1324 741 1376 ab
753 1323 818 1376 urbe

137 1408 141 1415 ·
159 1393 252 1460 Legati
265 1409 390 1461 respousa
403 1392 504 1445 lerunt:
524 1391 590 1445 nihil
602 1392 727 1445 omnibus
738 1401 830 1446 actum

160 1462 306 1516 Tantorum
320 1463 448 1530 impensis
460 1478 585 1531 operum,
604 1461 641 1514 nil
654 1460 723 1513 dona
736 1478 823 1531 neque
835 1478 935 1516 aurum

161 1531 221 1583 Nec
233 1548 345 1599 magnas
358 1530 473 1584 valuisse
486 1548 598 1601 preces,
616 1529 668 1581 atta
680 1547 755 1583 arma
768 1528 871 1583 Latinis

160 1599 326 1670 Quaerenda,
339 1610 385 1651 aut
399 1617 494 1668 pacem
506 1599 619 1670 Trojano
630 1599 666 1652 ab
679 1616 739 1667 rege
751 1599 909 1670 petendum.
959 1605 1014 1656 230

97 1716 102 1725 ,
160 1668 256 1722 Deficit
269 1669 369 1736 ingenti
382 1668 455 1721 luctu
469 1686 514 1722 rex
527 1669 583 1738 ipse
596 1670 713 1722 Latinus.

161 1738 282 1791 Fatalem
295 1739 406 1791 Aenean
419 1739 560 1791 manifesto
573 1740 683 1792 nurnine
694 1736 755 1791 ferri

160 1806 294 1861 Admouet
308 1808 346 1859 ira
358 1807 440 1859 deum
454 1808 602 1877 tumulique
614 1821 676 1860 ante
688 1823 734 1859 ora
745 1814 877 1861 recentes.

161 1877 231 1944 Ergo
243 1876 385 1930 concilium
397 1893 522 1944 magnum
535 1879 687 1947 primosque
699 1893 806 1930 suorum

160 1945 276 2014 Imperio
288 1946 388 2000 accitos
400 1945 453 1997 alta
467 1946 535 1998 iutra
547 1946 638 2000 limina
650 1945 730 2014 cogit.
960 1950 1015 2000 235

103 2060 106 2065 r
133 2015 211 2073 ‚Olli
224 2031 381 2084 convenere,
396 2015 535 2083 fluuntque
547 2016 581 2069 ad
595 2015 667 2084 regia
679 2014 766 2084 plenis
910 2080 916 2084 η

94 2084 98 2091 ’
161 2084 244 2135 Tecta
255 2085 314 2137 viis.
350 2083 430 2137 Sedet
443 2085 469 2136 in
483 2084 578 2137 mediis
589 2093 616 2137 et
628 2084 763 2137 maximus
774 2099 843 2136 aevo

161 2152 196 2206 Et
209 2153 310 2221 primus
322 2153 440 2222 sceptris,
455 2152 524 2206 haud
538 2153 608 2206 laeta
620 2154 713 2222 fronte,
724 2152 844 2207 Latinus.

160 2225 250 2291 Atque
263 2221 307 2274 hic
320 2221 422 2290 legatos
434 2222 529 2274 Aetola
541 2240 575 2276 ex
588 2224 653 2276 urbe
667 2222 798 2290 remissos,

160 2289 237 2347 Quae
251 2290 373 2359 reserant,
388 2291 435 2342 lari
446 2291 530 2361 jubet,
546 2300 573 2344 et
585 2309 709 2361 responsa
722 2308 749 2343 re
785 2290 835 2342 scit
958 2295 1013 2346 240

160 2358 258 2412 Ordine
271 2369 368 2412 cuncta
380 2377 437 2412 siro.
473 2361 543 2413 Tum
557 2359 627 2413 lacta
639 2360 745 2413 silentia
767 2359 860 2431 inguis,

161 2428 196 2482 Et
210 2428 329 2482 Venulus
340 2428 410 2481 dicto
422 2446 519 2498 parens
530 2429 568 2481 ita
579 2429 658 2482 farier
670 2429 741 2482 infit:

196 2497 340 2566 ‘Vidimus
353 2514 368 2548 o
381 2499 462 2567 cives,
476 2499 634 2550 Diomedem
648 2499 801 2567 Argivaque
811 2502 908 2570 castra,

159 2568 251 2637 Atque
262 2568 312 2619 iter
323 2568 427 2620 emensi
439 2582 519 2619 casus
531 2567 717 2637 superavimus
729 2566 815 2618 omnis

160 2635 309 2704 Contigimu
343 2653 377 2688 ue
389 2653 507 2705 manum,
520 2653 574 2705 qua
586 2636 702 2689 concidit
713 2634 762 2688 Ilia
774 2605 861 2688 tellus.
958 2638 1011 2689 245

99 2750 102 2757 Α
160 2703 314 2758 llleurbem
354 2707 488 2775 rgyripam
499 2705 599 2775 patriae
612 2705 770 2774 cognomine
781 2704 871 2774 gentis

132 2786 137 2792 ⁴
160 2772 250 2827 Victor
261 2774 377 2843 Gargani
389 2774 520 2828 condebat
532 2775 639 2846 Iapygis
650 2775 729 2827 arvis.

160 2841 304 2912 Postquam
317 2844 466 2911 introgressi
478 2851 506 2896 et
518 2860 608 2897 coram
621 2843 684 2895 data
696 2843 773 2912 copia
783 2841 868 2911 fandi,

159 2911 275 2964 Munera
288 2912 470 2981 praeferimus,
484 2928 581 2965 nomen
593 2911 760 2983 patriamque
772 2911 911 2981 docemus,

159 2979 211 3038 Qui
223 2980 325 3034 bellum
338 2981 482 3048 intulerint,
495 2998 564 3051 quae
577 2998 659 3034 causa
670 2981 805 3034 attraxerit
817 2983 913 3050 Arpos.
959 2982 1009 3032 250

89 3092 122 3139 vl.
136 3097 287 3161 aaa-221.
322 3096 442 3144 Testatur.
474 3097 521 3144 See
544 3099 594 3151 115,
615 3096 761 3143 dcc-226.
787 3095 857 3151 Urbe,
876 3096 1005 3156 Argyripa,

90 3163 118 3194 or
128 3151 165 3196 Ar
182 3167 198 3197 ι.
230 3153 277 3199 See
288 3156 342 3220 240,
355 3159 408 3209 250,
421 3154 468 3202 and
479 3170 503 3213 p.
514 3159 567 3209 317,
580 3155 628 3203 line
641 3158 774 3204 lta-239.
791 3156 886 3210 Aetolo,
898 3168 924 3202 x.
933 3157 1007 3202 28.-

67 3207 141 3250 κ242-
186 3212 281 3274 epulus,
299 3213 348 3260 vrii.
366 3217 389 3268 9,
408 3213 457 3260 dcc.
494 3213 589 3261 Farier.
621 3214 668 3261 See
686 3214 718 3263 iv.
734 3215 888 3263 tea-243.
906 3212 998 3275 Argiuo

91 3256 137 3304 See
157 3272 180 3308 at
197 3279 212 3311 1.
229 3269 378 3317 aea-246.
394 3270 496 3318 Patriae
510 3274 600 3332 gentis,
619 3273 657 3320 Ar
674 3288 702 3323 os
718 3273 845 3333 Hippiam,
862 3272 888 3320 in
904 3272 1004 3325 Greeoe.

91 3311 150 3360 lrom
161 3319 242 3369 which
257 3323 288 3371 he
305 3327 392 3375 named
404 3329 630 3388 Argyripa—247.
689 3348 790 3439 rpentes,
802 3346 859 3378 now
870 3329 960 3380 Mouet
971 3328 1005 3376 St.

92 3367 196 3427 Ᾱῦἔθῑο,
217 3377 242 3424 in
260 3381 360 3440 Apulia.
391 3385 476 3448 Iapyx,
496 3386 558 3436 used
576 3388 696 3450 adjective

90 3428 114 3467 rt
126 3426 179 3471 678.
707 3406 723 3451 y
741 3390 778 3440 for
795 3390 923 3453 Iapygius.
960 3387 1005 3447 Seri
