2242 3826
466 224 629 266 mil-1130!-

153 354 206 410 Dat
218 352 324 423 signum
337 352 420 421 coelo,
433 370 486 423 quo
498 369 550 407 non
562 351 731 423 praesentius
743 350 830 406 ullum
957 355 1011 409 ata

151 422 281 477 Turbavit
294 431 400 476 mentes
410 423 498 491 Italas,
513 431 683 490 monstroque
695 419 801 474 fefellit.

152 493 278 562 Namque
293 492 385 545 volans
398 492 477 545 rubra
489 492 579 544 fulvus
590 492 664 544 lovis
674 489 733 542 ales
745 491 771 543 in
784 491 879 544 aethra

152 562 298 615 Litoreasa
321 561 402 614 itabat
414 579 480 614 aves
492 561 652 629 turbamque
664 568 803 614 sonantem

153 631 278 699 Agminis
289 579 381 699 digeri
392 630 506 684 :subito
518 647 581 682 cum
594 629 685 699 lapsus
696 629 731 680 ad
744 630 830 683 undas

153 701 275 770 Cycnum
288 700 468 753 excellentem
480 699 594 770 pedibus
605 698 673 768 rapit
684 697 821 766 improbus
833 700 919 754 uncis.
955 705 1011 754 250

152 772 285 823 Arrexere
296 769 401 821 animos
413 769 480 837 Itali,
493 777 659 836 cunctaeque
672 767 795 821 volucres

152 839 315 893 Convertunt
328 837 446 891 clamore
458 837 561 906 fugam,
574 836 695 890 mirabile
709 836 776 906 visu,

152 907 270 960 Aethera
290 924 325 959 ue
337 907 478 960 obscurant
491 907 593 976 pennis,
607 905 765 974 hostemque
777 923 825 976 per
836 923 917 960 auras

152 973 236 1029 Facta
247 993 282 1028 nu
303 993 318 1028 e
331 985 463 1045 premunt,
477 976 563 1028 donec
574 977 600 1028 vi
612 976 700 1028 victus
712 985 738 1027 et
751 975 809 1044 ipso

151 1045 271 1099 Pondere
284 1044 391 1114 defecit,
405 1046 586 1115 praedamque
598 1062 633 1097 ex
645 1044 779 1113 unguibus
790 1044 847 1097 ales
954 1050 1010 1100 258

153 1113 267 1185 Projecit
277 1113 368 1183 fluvio,
382 1116 541 1184 penitusque
555 1114 581 1166 in
594 1113 685 1166 nubila
698 1114 772 1181 fugit.
1106 1124 1107 1127 ’

152 1182 224 1237 Turn
236 1200 298 1236 vero
309 1185 451 1251 augurium
462 1184 554 1237 Rutuli
566 1182 682 1236 clamore
695 1183 818 1252 salutant,

152 1252 306 1321 Expediunt
327 1271 360 1305 ue
373 1270 469 1306 manus
476 1269 484 1320 3
502 1255 656 1322 primusque
668 1252 827 1305 Tolumnius
837 1268 933 1324 augur,

154 1321 226 1374 ‘Hoc
237 1330 302 1391 erat,
334 1339 374 1391 oc,
387 1324 472 1391 rotis'
486 1322 576 1390 inquit,
592 1320 675 1390 ‘quod
688 1339 770 1390 saepe
782 1321 874 1391 petivi.

152 1391 271 1461 Accipio,
284 1408 451 1460 agnoscoque
463 1391 530 1444 deos
538 1408 545 1459 3
563 1408 616 1457 me,
629 1407 675 1443 me
687 1390 756 1442 duce
769 1391 868 1459 ferrum
954 1397 1010 1446 260

151 1460 288 1530 Corripite,
301 1478 317 1513 ο
329 1462 429 1530 miseri,
443 1477 511 1530 quus
522 1460 659 1529 improbus
671 1459 776 1512 advena
788 1459 860 1519 bello

152 1528 273 1598 Territat,
287 1530 420 1583 invalidas
432 1540 460 1583 ut
471 1548 544 1598 ares,
558 1539 585 1582 et
597 1529 674 1582 litora
686 1538 775 1582 vestra

151 1598 184 1652 Vi
197 1599 314 1668 populat.
352 1599 428 1651 Petet
442 1599 486 1652 ille
500 1599 600 1667 fugam,
614 1599 774 1667 penitusque
786 1599 916 1668 profundo

151 1667 220 1720 Vela
231 1667 315 1721 dabit.
351 1669 405 1721 Vos
417 1670 538 1721 unanimi
551 1668 662 1720 densatc
675 1677 804 1737 catervas,
1106 1728 1107 1733 ¹

151 1736 187 1790 Et
200 1754 293 1805 regem
305 1736 380 1789 vobis
391 1755 480 1807 pugna
491 1736 631 1790 defendite
643 1738 767 1806 raptum.²
954 1741 1013 1793 265
1106 1748 1107 1797 l

153 1805 233 1874 Dixit,
247 1816 274 1859 et
286 1806 413 1860 adversos
425 1807 507 1861 telum
520 1807 644 1859 contorsit
657 1807 683 1858 in
696 1806 778 1858 hostis
1106 1824 1107 1843 t

139 1875 328 1945 *ProcurrensJ
347 1877 463 1929 sonitum
474 1875 521 1929 dat
533 1876 644 1928 stridula
656 1892 759 1942 coruus,
773 1883 800 1927 et
812 1891 891 1927 auras

152 1945 232 1997 Certa
245 1956 326 1999 secat.
363 1945 446 1998 Simul
460 1945 518 2015 hoc,
532 1945 611 1999 simul
624 1946 719 2012 ingens
730 1945 838 2015 clamor,
852 1954 878 1997 et
890 1961 994 2000 omnes

126 2058 130 2065 .
153 2013 263 2067 Turbati
275 2014 363 2084 cunei,
376 2014 561 2084 calefactaque
574 2015 654 2067 corda
666 2014 792 2066 tumultu.

152 2082 237 2135 Hasta
250 2084 349 2152 volans,
362 2092 392 2136 ut
405 2084 471 2137 forte
483 2101 582 2136 novem
594 2083 773 2152 pulcherrima
786 2083 896 2136 fratrum

152 2151 266 2221 Corpora
278 2153 451 2206 constiterant
463 2161 561 2219 contra,
575 2170 642 2221 quos
654 2153 708 2205 fida
720 2161 822 2205 crearat
950 2155 1011 2206 270

152 2219 213 2274 Una
224 2229 261 2275 tot
273 2221 387 2277 Arcadio
398 2221 516 2291 conjunx
526 2221 666 2291 Tyrrhena
677 2223 801 2291 Gylippo,

153 2289 253 2343 Horum
266 2308 349 2344 unum
362 2291 397 2344 ad
410 2291 538 2359 medium,
553 2291 645 2344 teritur
657 2289 808 2359 qua‘sutilis
819 2290 880 2343 alvo

152 2359 262 2414 Balteus
274 2370 300 2413 et
313 2361 427 2413 laterum
438 2359 577 2430 juncturas
588 2360 670 2412 fibula
683 2359 794 2428 mordet,

155 2429 298 2498 Egregium
312 2431 397 2483 forma
408 2429 536 2499 juvenem
548 2438 576 2482 et
587 2428 751 2497 fulgentibus
763 2428 854 2500 armis,
954 2433 1015 2485 275

153 2498 271 2552 Transad
277 2499 324 2568 igit
336 2508 431 2567 costas,
445 2498 572 2567 fulvaque
585 2498 697 2551 effundit
709 2515 799 2550 areua.

153 2570 189 2620 At
203 2568 302 2635 fratres,
316 2569 437 2621 animosa
449 2568 565 2637 phalanx
577 2583 746 2636 accensaque
758 2567 840 2634 luctu,

154 2636 219 2689 Pars
228 2637 333 2705 gladios
345 2638 475 2704 stringunt
488 2638 620 2703 menibus,
633 2653 695 2706 pars
706 2637 808 2689 missile
821 2635 922 2689 ferrum

154 2705 309 2774 Corripiunt,
323 2705 453 2775 caecique
466 2714 554 2759 ruunt.
590 2705 665 2764 Quos
675 2706 784 2773 agmina
796 2719 889 2757 contra

154 2774 310 2828 Procurrunt
324 2776 502 2854 Laurentum,
521 2775 584 2827 hinc
596 2774 672 2827 densi
686 2791 776 2827 rursus
787 2774 917 2828 inundant
958 2781 1013 2832 280

154 2843 237 2896 Troes
249 2844 422 2914 Agyllinique
435 2854 461 2898 ct
475 2844 554 2914 pictis
566 2843 685 2897 Arcades
696 2845 786 2896 armis.

151 2911 195 2965 Sic
206 2915 293 2966 omnis
304 2930 379 2966 amor
392 2930 461 2966 unus
472 2913 554 2966 habet
566 2913 710 2967 decernere
723 2914 801 2966 t'erro.

113 3052 167 3098 att.
183 3049 251 3101 Jovis
267 3054 326 3107 aler,
344 3052 376 3100 ix.
393 3055 545 3100 sca-258.
566 3051 716 3108 Tolumnius,
734 3051 767 3100 xi.
784 3055 937 3101 aaa-260.
955 3053 1009 3112 Ma,

85 3105 144 3209 τα,
157 3108 206 3174 viii.
220 3112 365 3158 itt-268,
383 3110 462 3158 Simul
476 3114 525 3167 hoc,
542 3112 623 3166 sinrul,
643 3110 692 3159 &c
724 3110 753 3158 In
769 3111 811 3159 the
827 3127 895 3159 same
912 3112 1012 3163 instant

86 3171 94 3206 t
113 3175 137 3208 at
155 3164 203 3232 this
220 3167 240 3213 is
256 3167 327 3222 done,
341 3169 409 3215 there
425 3170 501 3217 arises
517 3185 547 3217 an
563 3169 747 3231 cverpowering
762 3170 845 3228 shout,
858 3170 1013 3223 &ce-269.

87 3217 171 3287 Curta.
185 3237 207 3269 v.
219 3227 369 3274 oct-272.
391 3226 523 3288 myrrheus,
536 3227 567 3275 vi.
579 3232 730 3278 eat-273.
753 3228 833 3278 Unum
848 3235 968 3280 trarrcad‘
989 3235 1011 3281 Ἀ

85 3271 192 3343 Mediam
202 3287 397 3339 corpus-276.
416 3284 510 3342 Cottas,
523 3287 565 3335 the
581 3288 719 3336 accusative
730 3287 759 3336 of
771 3288 953 3337 limitatiom—
991 3295 1012 3343 1.

84 3322 206 3434 aalma
219 3353 240 3396 p
253 3342 307 3396 292,
320 3339 369 3389 line
379 3345 418 3392 29.
450 3343 523 3407 They
534 3360 600 3395 were
616 3345 658 3395 the
668 3340 778 3397 revolted
789 3348 898 3410 subjecte
907 3349 944 3400 cf
955 3349 1010 3402 Me·

14 3574 262 3786 t„
