2242 3826
461 235 622 278 ΔΙΝΙΙΒΜ-

147 364 282 419 Inriotum
295 364 454 434 Ignipotens,
466 372 549 434 etque
560 376 620 416 oras
631 363 727 417 ambiit
738 376 812 419 auro.

148 435 269 487 Crastina
281 434 333 502 lux,
347 451 409 487 mea
421 435 443 486 si
455 449 505 486 non
519 434 590 486 irrita
600 433 674 487 dicta
686 435 794 502 putaris,

148 503 267 571 Ingentis
279 504 392 557 Rutulae
404 502 536 573 spectabit
548 502 639 555 medie
649 505 779 556 acervos!
947 503 990 554 art

149 573 272 642 Dixera13
290 590 325 626 err
335 572 430 635 dextra
441 572 584 624 discedens
596 571 701 640 impulit
712 571 804 641 altam,

148 641 226 695 Haud
240 643 331 710 ignara
343 642 422 710 modi,
436 641 562 710 puppim:
581 641 648 708 fugit
660 641 705 692 illa
719 659 766 709 per
778 642 864 694 uudsa

148 711 226 763 Ocior
237 721 265 763 et
276 711 364 781 jaculo
376 719 403 763 et
416 720 509 763 ventos
519 719 652 778 aequante
665 711 771 778 sagitta.
939 719 943 727 '

149 779 216 832 lude
226 779 297 832 aliae
309 780 426 832 celerent
437 795 539 833 cursus.
575 779 667 847 Stupet
681 779 779 835 inseiue
790 780 848 849 ipse

149 848 215 901 Tros
226 849 406 902 Anchisiades
413 864 420 914 ;
437 848 542 900 anirncs
554 856 643 901 umen
656 848 745 901 omine
757 849 833 902 tollit.
946 849 993 900 250

148 917 219 971 Tum
233 918 347 987 breviter
358 933 455 986 supera
466 916 626 985 adspectans
637 933 758 971 convexa
769 927 910 987 precatur:

150 987 247 1039 ‘Alma
259 1003 356 1056 pareus
367 986 449 1038 idaea
460 985 551 1052 deum,
565 984 609 1038 cui
622 986 756 1055 Dindyma
767 987 841 1040 cordi

147 1055 359 1124 Turrigeraeque
372 1054 452 1108 urbes
465 1055 603 1123 biiugique
615 1055 650 1108 ad
662 1055 739 1123 iqena
751 1057 849 1124 155555,

148 1125 189 1177 Tu
203 1124 270 1178 mihi
283 1142 353 1177 nunc
364 1141 470 1193 pugnae
482 1125 613 1193 princeps,
626 1133 655 1176 tu
667 1124 717 1177 rite
729 1126 889 1194 propinques

148 1195 306 1262 Augurium,
317 1194 520 1273 Phrygibusque
532 1192 606 1246 adsis
617 1193 694 1262 pede,
702 1195 773 1261 cira,
782 1193 919 1247 secunde!
946 1196 995 1245 255

148 1263 265 1317 Tantum
278 1264 384 1316 effatus.
422 1263 457 1315 Et
471 1271 574 1315 interea
587 1263 706 1316 revoluta
719 1263 811 1316 ruebat

148 1332 256 1385 Matura
267 1332 322 1402 jarn
336 1333 396 1384 luce
408 1331 474 1400 dies,
488 1341 650 1400 noctemque
662 1331 780 1400 fugerat:

149 1401 282 1470 Principio
294 1401 373 1454 sociis
383 1400 475 1469 edicit,
489 1401 566 1468 signa
578 1412 730 1469 sequantur,

148 1472 238 1539 Atque
251 1472 356 1524 animus
366 1477 459 1539 aptent
470 1471 561 1538 armis,
575 1486 735 1539 pugnaeque
747 1477 841 1539 parent
853 1485 893 1523 se.

147 1540 262 1606 Jamque
275 1541 302 1592 in
313 1548 458 1608 conspectu
470 1539 589 1592 -Teueros
601 1539 683 1591 babet
695 1549 723 1592 et
735 1555 784 1592 arra
795 1548 891 1608 castm,
946 1541 996 1591 250

148 1607 226 1661 Stans
236 1609 311 1660 celsa
323 1609 348 1660 iu
362 1609 460 1678 puppi:
480 1608 598 1677 clipeum
610 1624 674 1661 curn
686 1608 783 1661 deinde
794 1609 902 1662 sinistre

148 1677 251 1730 Extulit
263 1677 412 1729 ardentem.
448 1677 600 1730 Clamorem
611 1676 647 1729 ad
660 1677 749 1742 sidera
761 1676 856 1730 tollunt

147 1746 315 1799 Dardanidae
328 1763 344 1798 e
357 1747 441 1799 muris
448 1763 456 1814 3
475 1763 537 1816 spes
548 1745 638 1800 addita
650 1747 760 1799 suscitat
773 1747 840 1815 irae3

148 1815 215 1867 Tela
227 1833 308 1869 rnanu
320 1814 436 1884 jaciunt:
455 1815 550 1884 quales
561 1815 613 1868 sub
624 1812 741 1869 'nubibus
751 1816 816 1868 atris

148 1884 315 1954 Strymoniae
327 1884 391 1936 dant
404 1884 480 1952 sigrua
489 1901 577 1953 grues,
589 1893 672 1953 atque
683 1884 793 1937 aethere
805 1891 910 1937 tranent
946 1885 998 1936 265

147 1954 215 2007 Cum
229 1955 325 2022 sonitu,
339 1954 497 2022 fugiuntque
508 1955 592 2007 Notos
603 1953 722 2007 clamere
732 1953 861 2007 secunda.

148 2025 184 2076 At
196 2024 294 2076 Rutulo
307 2024 362 2091 regi
374 2023 542 2091 ducibusque
554 2039 587 2073 ea
598 2024 665 2075 mira
676 2023 763 2076 videri

148 2092 280 2161 Ausoniis,
294 2093 379 2144 donec
391 2108 484 2143 uersas
494 2091 529 2145 ad
541 2091 616 2143 litora
628 2090 726 2160 puppis
750 2142 752 2145 ,

147 2161 311 2229 Respiciunt,
325 2170 465 2229 totumque
476 2160 557 2212 allabi
567 2160 701 2215 classibus
712 2174 821 2229 aequor.

148 2229 231 2280 Ardet
243 2246 313 2298 apex
324 2230 413 2298 capiti,
426 2230 566 2297 cristisque
578 2246 595 2281 a
608 2230 706 2282 vertice
717 2231 829 2283 flamma
946 2230 1000 2281 270

149 2295 286 2367 Funditur,
301 2307 327 2350 et
341 2308 429 2350 vastos
440 2298 521 2351 umbo
534 2299 617 2351 vomit
628 2314 728 2351 aureus
739 2299 822 2366 ignis:

148 2368 208 2421 Nun
222 2384 308 2435 meus,
321 2383 355 2419 ac
368 2367 467 2436 liquida
479 2367 502 2420 si
515 2366 621 2436 quando
633 2378 711 2420 nocte
723 2375 846 2419 cometae

148 2437 289 2505 sanguinei
303 2437 415 2504 lugubre
428 2436 530 2504 rubent,
543 2443 590 2489 aut
602 2436 686 2490 Sirius
694 2436 780 2503 ardor,

150 2506 198 2559 llle
211 2506 281 2560 sitim
296 2505 456 2574 morbosque
468 2504 558 2558 serene
570 2506 727 2559 mortalibus
738 2504 834 2573 eegriq

149 2575 276 2630 Nascitur
288 2586 314 2628 et
327 2574 403 2627 laevo
414 2575 551 2627 contristat
563 2574 665 2627 lumine
677 2574 792 2629 coelum.
948 2575 1002 2626 275

185 2645 262 2703 Haud
276 2653 365 2697 tamen
378 2643 474 2696 audaci
486 2644 575 2696 Turno
587 2643 687 2697 fiducia
697 2643 779 2697 cessit
795 2672 797 2677 ·

149 2713 238 2766 Litora
251 2713 413 2783 praecipere,
427 2721 454 2764 et
467 2712 598 2765 venientis
610 2713 711 2781 pellere
724 2720 801 2765 terra.

149 2783 224 2836 Ultro
233 2785 339 2836 caimos
350 2781 418 2834 tellit
430 2781 516 2849 dictis,
528 2792 610 2850 atque
624 2782 741 2851 increpat
755 2782 837 2835 ultro:

152 2851 244 2911 ‘Quod
258 2852 326 2905 rotis
336 2851 456 2919 optantis,
468 2849 552 2920 adest,
566 2850 729 2920 perfringere
739 2850 844 2905 dextra.

150 2922 179 2974 In
193 2921 317 2977 manibus
328 2921 404 2972 Mars
416 2920 481 2988 ipse,
495 2919 552 2972 viri.
588 2920 668 2973 Nunc
678 2919 801 2991 conjugis
812 2927 875 2981 este
949 2921 1006 2971 250
1100 2982 1101 2995 ¹

150 2991 270 3060 Quisque
282 3005 348 3043 auae
361 2990 478 3056 tectique
491 3006 594 3041 memor
601 3006 609 3058 3
627 3006 697 3042 nunc
709 3006 808 3057 magna
819 2988 919 3041 referto

151 3059 241 3128 Facta,
254 3068 358 3128 patrum
372 3057 474 3110 laudes.
510 3057 585 3110 Ultro
596 3075 768 3112 occurramus
779 3058 814 3110 ad
826 3056 938 3128 undam,

82 3160 151 3179 —n

111 3214 163 3256 252.
181 3209 386 3263 Deumdeorum.
418 3207 498 3255 idaea.
530 3208 722 3256 8555115620.
753 3207 822 3255 Dind
877 3245 883 3255 .
915 3208 966 3256 See
980 3215 1008 3256 at

82 3264 174 3311 inme.
199 3266 246 3313 Cui
254 3269 327 3314 cordi.
352 3267 399 3313 See
408 3267 633 3315 unvitans-253.
649 3268 800 3329 dhrrigerae.
854 3266 1008 3316 autvilssb·
1100 3320 1101 3329 ,

82 3323 171 3366 -258.
184 3321 218 3366 Ur
229 3333 368 3382 sequuntur.
376 3327 465 3371 -265,
478 3325 600 3386 Strynwn,
613 3343 628 3373 a
637 3327 701 3374 river
711 3326 736 3372 in
745 3325 850 3381 Thrace,
860 3341 912 3374 was
924 3322 1009 3374 lamed

83 3374 251 3480 {ffirffit
261 3381 289 3426 of
293 3386 470 3441 gram-270.
489 3381 570 3445 Capiti
580 3385 785 3435 Aeneae-273.
802 3383 924 3447 Lugubre·
957 3383 1008 3433 Set
1100 3368 1101 3385 ¹
