2320 3744
487 220 581 262 LIBER
601 218 645 260 111.

171 347 276 405 Arbuta
287 347 413 403 sufficere
424 356 452 404 et
464 347 561 403 fluvios
571 346 702 420 praebere
713 346 836 420 recentis,

171 418 207 475 Et
214 417 326 473 ‚stabula
337 436 354 472 a
365 420 454 473 ventis
465 418 576 473 hiberno
587 433 721 489 opponere
734 417 784 473 soli

171 488 215 542 Ad
228 488 350 543 medium
362 505 491 543 conversa
502 487 585 558 diem,
595 504 661 542 cum
674 485 787 555 frigidus
798 484 863 540 olim

170 559 234 613 Jam
245 557 319 611 cadit
331 566 506 629 extremoque
519 558 611 611 irrorat
623 557 757 626 Aquarius
768 572 848 609 anuo.

170 625 230 681 Hae
242 644 350 698 qnoque
363 646 414 683 non
426 644 491 682 cura
502 626 582 681 nobis
593 626 693 680 leviore
706 625 831 696 tuendae,
972 628 1023 680 305

171 697 232 751 Nec
244 698 331 751 minor
342 715 407 752 usus
418 699 476 767 erit,
489 696 615 766 quamvis
626 695 736 752 Milesia
746 710 847 765 magno

171 765 281 820 Vellera
292 775 428 821 mutentur
439 767 534 836 Tyrios
547 767 651 819 incocta
663 765 789 819 rubores:

171 834 286 889 Densicr
297 835 359 890 hinc
371 835 485 905 soboles,
498 835 561 890 hinc
572 836 639 905 largi
651 835 729 905 copia
741 834 826 888 lactis.

170 905 260 965 Quam
270 906 359 975 magis
370 906 501 961 exhausto
513 905 677 976 spumaverit
688 905 772 959 ubere
784 903 907 974 mulctra,

172 976 257 1028 Laeta
269 975 357 1045 magis
368 976 468 1047 pressis
478 975 627 1029 manabunt
638 975 751 1029 flumina
762 973 901 1029 mammis.
973 975 1025 1026 310

170 1045 232 1099 Nec
244 1044 334 1100 minus
346 1046 448 1099 interea
461 1044 558 1098 barbas
569 1045 719 1113 incanaque
731 1055 824 1099 menta

170 1112 299 1184 Cinyphii
311 1115 420 1169 tondent
433 1112 509 1184 hirci,
522 1122 647 1184 setasque
660 1114 794 1169 comantis

170 1183 258 1238 Usum
271 1184 297 1237 in
310 1192 456 1238 castrorum
469 1193 496 1237 et
509 1184 616 1238 miseris
627 1184 765 1238 velamina
775 1185 873 1237 nautis.

170 1252 321 1307 Pascuntur
331 1271 395 1308 vero
407 1254 490 1308 silvas
501 1263 529 1306 et
540 1270 648 1307 summa
658 1254 767 1324 Lycaei,

170 1323 362 1393 Horrentisque
375 1324 456 1378 rubos
467 1332 494 1376 et
505 1324 623 1377 amantis
634 1324 718 1376 ardua
729 1322 843 1391 dumos3
972 1322 1025 1375 ato

171 1395 263 1463 Atque
276 1391 350 1464 ipsae
362 1408 498 1447 memores
511 1392 623 1446 redeunt
635 1393 662 1446 in
676 1400 754 1462 tecta,
768 1407 885 1462 suosque

170 1462 288 1532 Ducnnn
301 1470 329 1515 et
339 1461 451 1532 gravido
463 1471 590 1543 superant
601 1462 648 1517 vix
659 1461 743 1516 ubere
756 1461 850 1516 limen.
926 1508 929 1513 .

171 1531 243 1601 Ergo
254 1532 328 1585 omni
341 1531 428 1586 studio
439 1531 556 1600 glaciem
567 1539 716 1602 ventosque
728 1530 832 1603 nivalis,

169 1601 231 1660 Quo
242 1601 331 1657 rrrirror
342 1611 383 1655 est
395 1601 449 1655 illis
459 1618 541 1654 curae
552 1600 672 1654 mortalis
684 1608 798 1671 egestas,

168 1673 295 1741 Avertes,
307 1670 464 1741 rictumque
476 1669 548 1724 feres
559 1679 587 1724 et
598 1671 690 1740 virgea
701 1669 791 1724 laetus
974 1672 1027 1723 ³20

172 1739 284 1812 Pabula,
296 1757 348 1793 nec
359 1749 414 1794 tota
426 1738 538 1794 claudes
549 1738 659 1795 foenilia
670 1739 776 1794 bruma.

205 1812 243 1862 At
254 1822 327 1880 vero,
340 1809 470 1882 Zephyris
481 1827 544 1863 curn
556 1809 628 1863 laeta
639 1809 799 1863 vocantibus
809 1818 900 1864 aestas

170 1878 203 1932 In
215 1878 301 1934 saltus
311 1888 455 1948 utrumque
466 1896 578 1948 gregem
590 1887 672 1948 atque
685 1881 711 1932 in
725 1895 827 1949 pascua
837 1879 935 1951 mittet,

170 1948 289 2002 Luciferi
302 1949 388 2018 primo
400 1966 462 2002 cum
476 1948 565 2003 sidere
576 1948 675 2017 frigida
687 1966 747 2002 rura
895 1958 896 1969 ¹

170 2018 329 2088 Carpetana,
341 2018 406 2071 dum
419 2035 499 2073 mane
512 2035 619 2088 novum,
632 2019 696 2072 dum
709 2017 832 2087 gramina
843 2025 948 2092 canent,
974 2021 1025 2071 320

171 2087 207 2141 Et
221 2103 263 2140 ros
276 2087 302 2140 in
316 2094 408 2141 tenera
419 2087 509 2158 pecori
521 2089 691 2156 gratissimus
702 2087 796 2141 herba.

169 2155 247 2227 Inda,
259 2156 308 2210 ubi
320 2167 414 2227 quarta
425 2158 497 2210 sitim
509 2158 578 2210 coeli
590 2158 727 2226 collegerit
739 2156 805 2211 hora

171 2226 207 2280 Et
219 2235 300 2280 cantu
313 2225 441 2297 querulae
454 2236 578 2297 rumpent
590 2227 698 2281 arbusta
710 2226 829 2297 cicadae,

170 2294 214 2349 Ad
227 2302 324 2364 puteos
336 2305 383 2350 aut
395 2296 557 2364 altagreges
567 2297 601 2349 ad
615 2306 709 2365 stagna
722 2294 815 2368 jubeto

170 2364 331 2419 currentem
344 2365 432 2435 ilignis
443 2375 535 2436 potare
547 2366 688 2420 canalibus
700 2367 816 2435 unrlam3
974 2370 1026 2420 330

170 2434 302 2488 Aestibne
313 2443 342 2488 at
352 2435 452 2488 mediis
463 2435 617 2490 umbrosam
630 2437 769 2505 exquirere
782 2435 890 2507 vallem,

170 2503 262 2557 Sicubi
274 2521 374 2574 magna
385 2504 460 2558 lovis
474 2504 583 2574 antiquo
596 2505 687 2560 robore
699 2522 816 2575 quercus

169 2573 292 2641 Ingentis
303 2574 396 2626 tendat
409 2591 503 2644 ramos,
515 2583 563 2628 aut
575 2575 661 2628 sicubi
673 2576 779 2643 nigrum

170 2642 282 2696 ilicibus
293 2643 396 2696 crebris
408 2660 483 2696 sacra
495 2661 592 2696 nemus
604 2646 717 2698 accubet
729 2644 839 2714 umbra;

169 2713 242 2765 Tum
255 2712 346 2765 tenuis
357 2712 421 2765 dare
434 2729 523 2783 rursqs
534 2730 627 2783 aquas,
640 2722 667 2768 et
680 2731 790 2784 pascere
803 2730 893 2769 rursus
974 2719 1025 2770 335

170 2780 240 2835 sotis
251 2781 285 2835 ad
299 2798 434 2851 occasum,
447 2798 509 2835 cum
523 2783 635 2851 frigidus
645 2788 708 2837 aera
720 2799 817 2853 vesper

169 2851 325 2921 Temperat,
339 2860 366 2903 et
378 2850 462 2904 saltus
473 2852 558 2905 reficit
568 2852 626 2922 jam
639 2853 742 2906 roscida
754 2852 826 2924 luna,

169 2920 315 2990 Litoraque
326 2921 459 2991 alcyonea
472 2933 603 2992 resonant,
616 2921 788 2976 acalanthida
800 2921 885 2977 durni.

204 2989 276 3048 Quid
290 2989 338 3044 tibi
350 2998 470 3059 pastores
482 2990 592 3062 Libyae,
606 2992 671 3060 quid
683 3009 783 3062 pascua
795 3008 874 3047 versu

168 3058 326 3129 Prosequar,
340 3068 367 3112 et
380 3061 446 3112 raris
456 3059 576 3114 habitata
587 3061 707 3131 mapalia
719 3060 816 3115 tectisl
974 3064 1026 3116 340

167 3129 255 3199 Saepe
268 3128 343 3182 diem
356 3138 517 3198 noctemque
530 3138 556 3183 et
569 3138 654 3183 totum
667 3147 701 3184 ex
712 3131 804 3183 ordine
816 3146 942 3185 mensem

168 3198 293 3253 Pascitur
305 3199 379 3269 itque
392 3215 477 3269 pecus
487 3199 566 3267 longa
578 3200 604 3253 in
616 3199 723 3252 deserta
735 3200 793 3254 sine
805 3200 869 3254 ullis

124 3340 241 3388 ate-³21.
261 3338 402 3388 Directions
417 3337 455 3387 lor
468 3338 512 3387 tho
527 3355 583 3388 care
598 3338 627 3389 of
639 3349 710 3400 goats
726 3339 751 3388 in
766 3340 1025 3391 winton-822-338.

97 3394 236 3446 lineatione
247 3398 380 3460 regarding
395 3397 437 3446 the
453 3412 563 3447 summer
573 3398 701 3459 pasturing
710 3397 739 3448 os
750 3398 828 3461 sheep
842 3398 892 3451 end
905 3407 1025 3462 gesta-a
1057 3450 1060 3455 ,

26 3464 29 3539 ¹,
97 3456 212 3507 139-308.
228 3457 285 3509 The
298 3456 424 3535 Nomadic
434 3457 511 3507 tribes
521 3456 550 3507 ol
562 3457 642 3519 Libys
652 3457 787 3508 described.
