2308 3780
532 198 625 241 urana
644 146 689 241 rn.
1010 186 1066 244 aot

218 326 366 397 Frangerst
377 326 411 380 ad
424 343 528 397 saxum,
542 329 669 398 sanieque
681 343 810 398 exspersa
820 335 943 384 natarent
1019 335 1070 385 625

154 436 160 445 .
219 397 330 450 Limina
337 412 346 467 3
363 396 420 449 vidi
431 406 489 451 atro
501 415 563 450 cum
576 399 699 450 membra
711 398 822 451 fluentia
834 397 896 450 tabo

217 465 370 536 Manderet,
383 474 411 518 et
423 467 505 535 tepidi
518 476 663 519 tremerent
676 467 727 520 sub
738 467 864 519 dentibus
875 476 958 521 artus.

219 535 298 588 Haud
311 536 421 605 impune
433 534 545 604 quidem
552 552 559 605 ;
578 554 629 588 nec
641 536 704 588 talia
716 552 812 605 passus
823 536 924 608 ulixes,

220 603 360 657 Oblitusre
373 605 415 657 sui
427 613 467 658 est
480 605 589 658 Ithacus
600 605 755 658 discrimine
767 613 849 656 tanto.

220 673 292 727 Nam
304 672 386 726 simul
398 673 522 743 expletus
532 675 648 744 dapibus
658 675 774 743 vinoque
786 673 909 743 sepultus
1021 680 1073 730 630

149 768 153 775 ’
221 743 362 796 cervicem
374 743 502 796 inflexam
514 745 610 812 posuit,
623 743 760 813 jacuitque
773 759 820 812 per
831 751 937 798 antrum

222 812 382 881 Immensus,
396 811 499 865 saniem
512 822 636 866 eructans
649 821 675 865 et
688 813 772 866 frusta
783 820 894 865 cruento

223 881 274 933 Per
286 897 412 934 somnum
423 883 569 935 commixta
580 898 662 949 mero,
675 897 730 950 nos,
745 898 844 949 magna
855 881 958 950 precati

223 950 342 1003 Numina
354 950 492 1020 sortitique
504 951 586 1019 vices,
600 968 653 1003 una
664 951 782 1020 undique
794 951 896 1005 circum

224 1018 377 1086 Fundimur,
391 1029 418 1072 et
429 1020 483 1072 telo
495 1018 585 1073 lumen
599 1020 765 1073 terebramus
776 1029 863 1090 acuto,
1024 1025 1075 1074 635

223 1087 329 1157 Ingens,
342 1089 412 1157 quod
424 1098 498 1142 torva
510 1090 596 1142 solum
609 1089 661 1143 sub
673 1089 758 1141 fronte
771 1089 879 1158 latebat,

225 1157 341 1225 Argolici
353 1158 432 1278 clipei
445 1168 491 1211 aut
503 1159 645 1211 Phoebeae
658 1158 792 1227 lampadis
803 1159 892 1228 instar,

226 1226 260 1279 Et
273 1226 383 1280 tandem
405 1227 458 1280 aeti
471 1229 602 1280 sociorum
615 1228 771 1281 ulciscimur
783 1228 900 1279 umbras.

224 1294 276 1418 lSpd
290 1295 383 1365 fugite,
396 1312 412 1347 o
425 1296 524 1367 miseri,
538 1297 631 1368 fugite,
644 1304 726 1367 atque
738 1297 774 1349 ab
786 1296 861 1349 litore
876 1295 971 1349 lunam

248 1381 293 1417 um
314 1367 359 1417 ite.
829 1403 831 1406 ψ
1026 1370 1077 1420 640

225 1382 396 1503 Nampqualis
407 1444 576 1505 quantusque
588 1450 655 1486 cavo
667 1434 733 1504 Poly
752 1416 852 1491 herhas
863 1434 891 1486 in
903 1442 978 1488 antro

226 1503 371 1572 Lanigeras
382 1504 483 1557 claudit
494 1504 614 1573 pecudes
626 1512 707 1572 atque
719 1521 737 1556 u
775 1520 803 1555 ra
814 1512 925 1574 pressat,

227 1572 341 1625 Centum
353 1572 399 1625 alii
411 1590 491 1626 curra
504 1572 573 1626 haec
585 1573 705 1626 habitant
717 1573 752 1626 ad
764 1572 840 1625 litora
852 1572 932 1642 vulgo

225 1640 330 1694 Infandi
343 1642 481 1713 Cyclopes,
495 1653 522 1695 et
533 1642 596 1695 altis
608 1642 742 1695 montibus
754 1650 852 1695 ermnts

225 1709 316 1762 Tertia
326 1710 383 1779 jam
394 1713 529 1783 Lunaese
541 1728 639 1764 cornua
651 1711 753 1764 lumine
765 1711 908 1782 complent,
996 1726 999 1733 ’
1026 1713 1077 1764 645

226 1778 294 1832 Cum
307 1781 390 1833 vitam
403 1782 429 1834 in
442 1781 517 1834 silvis
530 1781 598 1833 inter
609 1781 716 1832 deserta
728 1781 845 1832 ferarum

227 1847 323 1900 Lusita
335 1849 480 1919 domosque
493 1850 575 1919 traho,
588 1859 731 1917 vastosque
743 1848 779 1901 ab
792 1864 856 1916 rupe
869 1848 1002 1918 Cyclopas

228 1917 370 1987 Prospicio‚
384 1920 552 1988 sonitumque
564 1919 665 1988 pedum
678 1932 827 1986 vocemque
840 1918 973 1971 tremisco.

228 1986 335 2039 Victum
349 1988 493 2057 infelicem,
506 1989 606 2041 baccas
618 1987 790 2056 lapidosaque
803 2002 890 2055 corna,

174 2070 178 2075 ·
228 2054 299 2108 Dant
311 2057 377 2109 rami
399 2067 427 2110 et
439 2058 520 2109 volsis
531 2064 645 2126 pascunt
658 2056 791 2109 radicibus
803 2055 912 2108 herbae.
1027 2059 1079 2109 650

228 2124 324 2178 Omnia
336 2096 498 2196 collustrans,
512 2125 582 2178 hanc
594 2126 711 2194 primurn
722 2125 756 2177 ad
769 2125 847 2177 litora
858 2125 975 2187 classem

226 2193 358 2263 Conspexi
369 2196 532 2249 venientem.
567 2195 637 2247 Huic
649 2210 701 2263 me,
715 2211 903 2264 quaecumque
914 2194 1017 2266 suisset,
1057 2204 1069 2214 “

227 2263 342 2316 Addixi:
362 2264 426 2317 satis
437 2269 478 2317 es't
489 2272 598 2333 gentem
611 2263 738 2330 effugisse
750 2263 904 2317 nefandam,

227 2331 283 2384 Vos
294 2333 411 2386 animam
425 2333 494 2386 hanc
506 2333 594 2403 potius
605 2349 775 2401 quocumque
786 2332 1014 2393 absumite·leto.'’

264 2401 376 2455 ‘Vixea
388 2403 535 2472 sumserat,
548 2418 654 2455 summo
666 2419 729 2454 cum
742 2410 832 2454 monte
845 2401 969 2455 ridemus
1027 2406 1079 2456 655

228 2468 321 2537 Ipsum
333 2472 401 2541 inter
412 2471 531 2540 pecudes
542 2480 617 2524 vasta
629 2487 658 2522 so
671 2471 741 2523 mole
754 2479 910 2523 moventem

228 2538 366 2593 Pastorem
379 2540 575 2610 Polyphemum
588 2549 614 2593 et
627 2540 702 2593 litora
715 2549 777 2592 nota
792 2548 938 2608 petentem,

209 2607 381 2730 'Monstpum
417 2609 586 2680 horrendum,
619 2609 740 2678 informe,
773 2609 874 2678 ingens,
906 2609 951 2661 oui
985 2607 1079 2664 lumea

297 2689 464 2748 aempturn.

185 2792 241 2837 634.
258 2789 348 2839 Sortiti
361 2794 431 2847 vicen
448 2792 474 2840 in
491 2792 541 2840 this
559 2791 668 2851 perilous
687 2791 830 2847 adventure,
848 2791 891 2839 the
910 2791 1033 2839 followers
1048 2790 1077 2840 of

155 2847 264 2909 Ulysses
275 2849 366 2898 settled
377 2853 410 2911 by
419 2851 453 2899 lot
461 2851 542 2898 which
553 2861 605 2909 part
615 2850 674 2898 each
683 2850 772 2898 should
779 2853 922 2898 acu-635.
940 2849 996 2897 The
1006 2853 1080 2898 telana

153 2922 218 2962 was,
232 2908 361 2969 according
376 2919 402 2957 to
418 2910 520 2965 Homer,
534 2920 610 2958 atres
626 2908 725 2968 pointed
741 2909 788 2957 and
804 2908 926 2957 hardened
938 2909 963 2956 in
973 2908 1015 2956 the
1026 2909 1079 2959 firc.

154 2967 282 3024 (Leman
306 2967 353 3015 See
372 2969 396 3016 ii.
418 2971 565 3018 tra-637.
588 2968 644 3016 The
664 2970 753 3029 clipeus
770 2968 900 3029 Argolicae
921 2983 972 3015 was
993 2968 1078 3017 round.

154 3026 290 3084 Compare,
304 3027 365 3074 with
375 3028 425 3076 this
436 3044 549 3088 passage,
562 3027 609 3075 and
621 3027 681 3075 with
692 3030 738 3074 645
749 3034 846 3080 (cornua
861 3028 992 3088 ccrnplentl,
1007 3027 1079 3075 ‘Tha

151 3099 230 3134 moon
241 3085 294 3132 that
305 3101 359 3133 rose
371 3087 416 3133 last
427 3087 505 3147 night,
518 3086 594 3134 round
606 3102 632 3134 us
644 3101 686 3146 my
697 3085 784 3140 shield,
797 3085 844 3132 had
855 3095 897 3132 not
909 3096 949 3145 yet
959 3085 1025 3133 filled
1036 3086 1080 3134 her

150 3144 387 3193 horna.’—Home’r
398 3145 611 3207 Donglas.-639.
629 3145 684 3192 Tho
701 3144 800 3191 elisione
816 3144 862 3191 and
879 3144 1033 3193 hexameters
1049 3141 1078 3191 ot

150 3203 205 3251 this
214 3202 264 3250 line
275 3204 346 3250 mark
357 3204 398 3251 the
410 3205 555 3263 impatience
566 3204 594 3250 of
600 3204 704 3262 despair.
712 3206 797 3250 -643,
820 3199 908 3263 Vulgo,
921 3202 1078 3261 everywhere

151 3261 353 3309 emund-645.
374 3263 464 3318 Tertia,
479 3263 528 3310 duc.
560 3263 642 3310 Three
653 3261 752 3309 months
769 3260 816 3308 had
826 3260 933 3319 elapsed.
966 3262 1013 3308 See
1024 3262 1078 3306 637.

151 3323 248 3367 -648,
269 3319 386 3370 Tremiaco
396 3322 526 3383 poetically
538 3337 642 3382 gorems
654 3320 696 3367 the
707 3321 854 3366 accusative.
886 3320 933 3366 Sca
945 3319 977 3369 xi.
989 3320 1080 3385 403.-

152 3383 211 3428 654.
226 3379 325 3436 Potius,
339 3381 362 3428 iu
374 3381 513 3440 preference
524 3392 549 3428 to
560 3380 602 3427 the
613 3379 693 3426 horrid
704 3377 753 3425 late
765 3377 817 3424 that
825 3376 928 3424 awaired
939 3376 990 3423 him
1001 3388 1024 3421 rn
1036 3372 1079 3437 tha

153 3438 235 3487 hands
246 3438 275 3487 of
288 3440 463 3501 Polyphemus.
471 3443 562 3488 -658,
579 3438 643 3486 This
654 3437 711 3493 line,
724 3435 786 3483 with
796 3435 829 3482 its
839 3433 960 3500 spondaeo
975 3431 1023 3479 and
1033 3428 1077 3476 alr·

152 3498 233 3555 sicus,
243 3497 335 3560 visibly
346 3510 485 3561 represents
496 3499 538 3548 the
549 3496 662 3556 crashing
672 3501 811 3544 morament
822 3492 850 3541 of
862 3491 904 3539 the
914 3497 989 3549 grant.
1040 3511 1045 3523 ·
