2282 3790
359 159 364 165 ·
460 136 553 181 ursus
572 136 627 185 rsa,
937 119 1008 185 ffi-

146 264 200 326 Qut
211 272 287 336 patet
297 264 326 319 in
337 264 410 319 bivio
420 271 520 335 portae,
534 281 604 333 ques
617 264 737 334 proxima
748 268 829 333 poulo
837 279 853 333 5·
876 282 881 292 ·
925 286 931 297 ·

146 336 286 404 Interrupti
300 335 383 403 ignes,
396 343 507 402 aterque
518 335 554 386 ad
566 334 655 386 sidere
667 333 760 386 fumus
967 375 971 380 .

147 404 265 472 Erigitur
273 421 281 473 3
300 405 322 456 si
336 405 440 457 fortuna
452 404 604 472 permittitis
617 403 664 469 uti,
944 405 996 456 tto

146 473 305 532 Quaesitum
317 476 429 526 Aenean
442 482 469 525 et
482 473 586 525 moenia
598 472 750 524 Pallantes:

142 541 209 595 Mox
221 542 265 595 hic
276 559 339 595 cnm
353 542 452 611 spoliis,
467 542 568 610 ingenti
580 541 665 594 caede
677 549 795 610 peracta5>

145 611 238 666 Affers
250 613 374 665 cernetis.
409 613 468 665 Nec
480 627 529 664 nos
542 613 585 662 vie
597 610 664 662 fallit
676 611 779 663 euntis:

145 680 270 734 Vidimus
280 680 402 734 obscuris
411 680 526 750 primam
539 681 589 733 sub
602 679 716 741 vallibus
728 679 822 735 urbem

145 749 250 803 Venatu
263 750 380 817 assiduo,
393 760 421 803 et
433 759 516 802 toturn
530 748 704 817 eognovimus
715 747 844 802 amnem)
944 749 995 800 art

146 818 197 872 llio
209 819 287 871 annis
296 820 386 887 gravis
397 828 477 887 atque
489 818 573 871 enimi
586 826 707 873 maturus
718 819 826 872 Aletes:

146 888 196 940 ‘Di
208 889 293 957 patrii,
306 905 420 958 quorum
433 904 540 956 semper
552 888 601 940 sub
614 889 723 941 nurnine
735 884 814 956 Troja
826 895 875 956 est,

144 957 207 1010 Non
219 966 308 1010 tamen
321 958 431 1010 omnino
442 957 560 1009 Teucros
571 955 662 1009 delere
676 957 779 1026 puratis,

144 1027 215 1080 Cum
227 1027 288 1080 talis
297 1027 401 1080 animus
411 1026 541 1096 juvenum
554 1035 581 1078 et
594 1034 650 1078 tam
661 1036 735 1079 certa
747 1025 845 1077 tulistis

144 1095 275 1149 Pectora.²
299 1096 509 1164 Sicmemorans‚
519 1095 645 1148 humeros
653 1095 812 1162 dextrasque
822 1091 931 1146 tenebat
944 1094 995 1144 250

144 1164 302 1233 Araborum,
316 1170 344 1218 et
356 1165 461 1229 vultum
473 1164 593 1219 lacrimis
601 1172 683 1232 atque
695 1180 740 1215 ora
754 1163 865 1230 rigebat.

146 1233 239 1291 ‘Ques
252 1234 334 1301 vobis,
346 1251 418 1304 quae
430 1234 520 1301 digna,
533 1233 594 1299 viri,
604 1250 650 1300 pro
662 1233 786 1291 laudibus
798 1232 855 1284 istis

144 1302 269 1355 Praemia
281 1320 359 1372 posse
368 1320 431 1355 rear
442 1302 529 1356 solvit
547 1302 727 1371 pulcherrime
739 1302 856 1371 primurn

145 1372 178 1425 Di
193 1387 333 1441 moresque
344 1373 446 1426 debunt
459 1373 554 1440 vestri3
574 1380 630 1424 turn
642 1381 734 1424 catera
745 1370 838 1423 reddet

144 1443 273 1494 Actutum
285 1443 347 1512 pius
359 1445 467 1495 Aeneas
477 1450 558 1511 atque
571 1441 674 1508 integer
685 1440 746 1492 aevi
793 1458 795 1461 ·
874 1458 876 1461 ·
943 1440 994 1491 255

144 1510 285 1580 Ascanius,
299 1512 386 1564 meriti
398 1511 462 1563 tanti
476 1528 526 1563 non
540 1508 843 1578 immemorumquum.²

145 1580 154 1611 ‘
162 1579 249 1631 Immo
262 1596 311 1647 ego
323 1597 378 1650 ros,
392 1580 435 1633 cui
448 1580 504 1632 sola
516 1581 589 1632 salus
600 1581 720 1647 genitore
733 1578 860 1647 reducto,’
927 1614 932 1624 .
1000 1578 1006 1585 “

144 1648 251 1717 Excipit
263 1650 404 1717 Ascanius,
419 1652 481 1718 ‘per
492 1666 611 1717 magnos,
624 1651 699 1716 Nise,
713 1650 822 1702 Penatis

143 1717 322 1786 Assaracique
334 1719 430 1772 Larem
443 1726 471 1771 et
482 1735 566 1771 canae
580 1718 726 1786 penetralia
738 1719 837 1770 Vestae

143 1786 282 1855 Obtestor3
300 1804 488 1857 quaecumque
499 1787 567 1841 mihi
579 1787 683 1840 fortuna
694 1786 816 1855 fidesque
828 1796 878 1855 est,
942 1786 994 1836 260

142 1855 174 1908 ln
188 1855 284 1908 vestris
296 1870 364 1926 pono
375 1857 500 1924 gremiis:
519 1865 643 1909 revocate
655 1864 800 1926 parentem,

142 1923 260 1977 Reddite
272 1935 461 1995 conspectum
480 1926 543 1979 nihil
556 1926 601 1978 illo
613 1926 686 1978 triste
700 1933 815 1993 recepto.

143 1993 212 2046 Bina
224 1993 293 2047 dabo
305 2004 414 2063 argento
426 1995 546 2066 perfecta
557 2004 639 2063 atque
650 2011 745 2064 aspera
756 1992 840 2062 signis

142 2062 252 2131 Pocula,
265 2063 373 2117 devicta
384 2065 487 2132 genitor
497 2081 567 2134 quse
580 2065 651 2133 cepit
664 2064 767 2134 Arisba,

143 2131 180 2184 Et
194 2131 312 2200 tripodes
323 2134 451 2202 geminos,
464 2134 522 2187 auri
533 2133 586 2186 duo
599 2151 695 2202 rnsgns
708 2134 815 2203 talenta,
942 2132 993 2183 265

143 2201 253 2253 Cratera
262 2203 412 2271 antiquum,
427 2219 509 2271 quern
521 2202 567 2255 dat
579 2203 685 2255 Sidonia
697 2202 773 2256 Dido.

143 2269 172 2322 si
184 2285 246 2322 vero
258 2287 356 2340 capere
369 2271 474 2324 ltaliam
485 2273 651 2340 sceptrisque
663 2272 740 2341 potiri

142 2339 287 2405 contigerit
300 2340 400 2409 victori,
415 2350 441 2393 et
453 2340 569 2409 praedae
582 2341 672 2393 dicere
685 2350 798 2394 sortem:

142 2407 250 2477 Vidisti,
262 2425 314 2477 quo
326 2410 520 2478 Turnusequo,
534 2410 631 2481 quibus
643 2409 698 2462 ibet
710 2411 736 2462 in
748 2410 832 2462 ermis

141 2479 265 2545 Aureus3
283 2478 375 2546 ipsum
389 2478 473 2547 illurn,
486 2479 602 2548 clipeum
616 2480 762 2546 cristasque
775 2478 895 2532 rubentis
941 2479 994 2532 270

143 2546 285 2615 Excipiam
297 2548 367 2609 sorti,
379 2547 438 2617 jam
449 2564 521 2600 nuuc
535 2558 578 2600 tua
591 2547 719 2617 praemia,
733 2549 807 2602 Nise.

142 2615 286 2669 Praeterea
299 2616 340 2669 bis
352 2618 516 2685 sergenitor
527 2616 675 2670 lectissime
686 2627 802 2671 matrum

141 2685 257 2753 Corpore
269 2687 441 2756 captivosque
453 2685 534 2754 dabit,
549 2703 651 2754 suaque
664 2686 788 2740 omnibus
800 2704 874 2739 erma
881 2702 890 2757 3

141 2753 256 2823 Insuper
268 2753 317 2824 liis,
331 2756 419 2825 campi
432 2756 502 2824 quod
515 2773 563 2808 rex
576 2756 656 2808 habet
671 2757 727 2824 ipse
740 2756 859 2810 Latinus.

140 2822 184 2874 Te
194 2839 265 2891 vero,
280 2841 342 2876 mea
354 2841 437 2893 quem
449 2825 541 2892 spatiis
553 2824 715 2893 propioribus
727 2834 803 2877 aetas
942 2826 993 2877 275
1065 2852 1069 2863 1

142 2891 303 2962 insequitur,
317 2893 471 2946 venerande
482 2911 554 2963 puer,
567 2894 624 2962 jam
635 2894 742 2963 pectore
755 2901 808 2946 toto

94 3021 150 3066 210.
168 3016 316 3067 Porsinna
336 3020 375 3066 uti
392 3034 475 3067 seems
494 3027 521 3065 to
539 3018 600 3066 infer
618 3018 675 3067 here
694 3017 830 3073 mittentes,
850 3015 897 3064 end
916 3016 993 3065 bunos

63 3079 310 3140 metitum-243.
325 3077 349 3124 A
367 3095 407 3126 ore
423 3082 571 3124 nos-255.
589 3078 685 3138 Integer
699 3078 760 3124 aeui.
792 3076 839 3124 See
855 3085 880 3123 ut
896 3076 920 3122 ii.
937 3078 991 3125 638.

62 3140 160 3184 -259,
177 3135 303 3185 Assaraci.
356 3152 384 3184 ee
405 3146 430 3184 st
449 3135 481 3183 vi.
498 3138 648 3183 ola-264.
665 3134 763 3191 Arisba,
788 3151 803 3182 u
820 3144 887 3181 town
905 3132 934 3182 of
951 3134 993 3183 the

62 3196 160 3245 Trosd.
194 3195 250 3243 The
267 3206 340 3244 event
353 3195 451 3243 alluded
462 3205 487 3242 to
498 3195 518 3242 is
530 3194 761 3242 unknown-265.
773 3193 847 3249 Auri,
861 3193 910 3241 dec.
942 3194 990 3243 Sos

60 3266 87 3305 st
98 3271 122 3303 u.
132 3257 286 3303 ata-266.
305 3253 415 3302 Sidonia.
444 3253 491 3301 See
501 3263 525 3301 at
535 3253 566 3300 iv.
577 3256 613 3302 75.
621 3255 712 3300 -268,
729 3251 821 3307 Dicere,
832 3261 858 3299 to
867 3267 993 3302 announcc

60 3330 90 3364 ss
102 3331 119 3363 a
127 3314 265 3373 ‚victorious
275 3313 385 3375 general,
417 3312 510 3361 Orlrers
522 3311 579 3361 read
589 3314 678 3360 duone.
686 3314 776 3361 -275,
796 3309 837 3370 Te,
849 3310 993 3376 addressing

60 3366 201 3435 Euryalus.
