2242 3826
494 125 591 167 cinae
610 126 641 167 rr.
968 115 1029 173 m

178 248 276 322 Victor,
288 267 341 306 nee
349 250 460 323 longam
472 253 609 316 laetabere
616 272 625 324 3
641 263 669 308 te
680 272 787 326 qnoque
799 254 856 315 tau
976 262 1029 317 740

148 322 154 329 ’
177 320 347 391 Prospectaut
396 323 440 392 ria,
453 323 642 392 atqueeadem
654 342 718 378 mox
729 343 793 378 arra
805 326 928 380 tenebis!

177 390 219 443 Ad
232 407 314 459 quern
328 408 360 444 su
380 391 469 445 ridens
481 393 565 445 mixta
576 393 732 448 Mezentius
744 396 797 448 ira:

179 460 218 513 ‘N
221 477 272 512 uno
284 478 396 513 morere.
432 464 482 514 Ast
494 462 528 514 de
540 480 585 514 rue
598 463 687 516 divom
700 474 868 535 peteretque
886 464 1027 521 hominurn

245 545 292 582 rex

176 595 297 651 Viderit)
333 598 391 651 Hoc
403 598 496 679 dicens
507 599 598 653 eduxit
611 617 718 670 corpore
731 601 825 657 telum.

176 665 225 719 Olli
237 667 303 720 dura
315 668 392 747 quies
404 669 495 733 oculos
506 680 534 722 et
547 669 649 723 ferreus
662 681 756 739 urguet
972 677 1024 729 'Ill

176 735 303 790 Somnus:
323 755 350 790 m
361 747 498 791 aeternam
511 739 670 793 clauduntur
682 741 783 794 lumina
796 752 912 794 noctem.

210 806 342 859 Caedicus
354 806 514 860 Alcathoum
527 809 673 879 obtruncat,
687 809 807 863 Sacrator
820 811 976 881 Hydaspen,

175 873 400 945 Partheniumque
413 877 486 946 Rapo
499 887 526 929 et
539 879 701 946 praedurum
716 881 814 934 viribus
825 882 916 952 Orsen,

175 942 318 1013 Messapus
330 945 505 1014 Cloniumque
518 947 735 1018 Lycaoniumque
749 950 882 1021 Ericeten,

174 1012 254 1066 Illum
267 1013 376 1068 infrenis
388 1018 450 1084 equi
462 1015 539 1085 lapsu
550 1016 645 1070 tellure
656 1016 800 1088 jacentem,
971 1025 1022 1076 750

174 1082 252 1135 Hunc
263 1083 382 1152 peditem
397 1086 487 1154 pedes,
524 1087 559 1139 Et
572 1086 670 1155 Lycius
681 1095 846 1156 processerat
859 1089 939 1159 Agis,

172 1151 262 1210 Quem
274 1161 363 1206 tamen
377 1153 449 1206 haud
462 1171 557 1223 expers
570 1155 683 1209 Valerus
694 1156 797 1210 virtutis
809 1158 897 1210 avitae

174 1220 286 1290 Dejicit3
303 1231 331 1275 at
343 1221 487 1276 Thronium
501 1224 595 1293 Salius,
607 1225 761 1294 Saliumque
772 1219 898 1297 Nealces}

173 1290 287 1359 Insignis
296 1291 385 1361 jaculo
397 1301 424 1345 et
437 1292 514 1360 longe
527 1293 636 1346 fallente
648 1295 754 1363 sagitta.

207 1359 267 1413 lam
280 1362 369 1429 gravis
380 1361 513 1431 aequabat
527 1362 615 1416 luctus
626 1373 653 1416 et
666 1373 760 1416 mutua
771 1363 880 1418 Mavors
969 1370 1020 1420 755

173 1427 291 1498 Funera,
309 1430 458 1484 caedebant
471 1431 569 1500 pariter
581 1433 731 1502 pariterque
744 1433 856 1487 ruebant
883 1432 888 1444 ‘

172 1497 293 1551 Victores
304 1500 437 1569 victique,
456 1518 542 1570 neque
555 1501 598 1554 his
610 1501 673 1571 fuga
687 1512 755 1572 nota,
770 1520 858 1573 neque
870 1504 934 1559 illis.

173 1567 206 1620 Di
217 1568 292 1621 lovis
303 1568 330 1622 in
342 1572 421 1621 tectis
433 1570 498 1622 iram
511 1572 669 1624 miserantur
683 1573 790 1626 inanem

172 1636 330 1706 Amborum,
344 1648 371 1690 et
385 1648 470 1692 tantos
482 1640 637 1693 mortalibus
649 1658 709 1694 esse
722 1642 841 1711 labores3

172 1705 242 1759 Hinc
254 1707 352 1778 Venus,
367 1707 429 1760 hinc
441 1718 530 1761 contra
542 1720 645 1778 spectat
658 1710 779 1764 Saturnia
790 1711 869 1765 June.
968 1715 1020 1766 760

171 1774 274 1828 Pallida
286 1776 430 1846 Tisiphone
442 1779 532 1831 media
544 1779 612 1831 inter
624 1780 707 1832 millia
719 1780 813 1833 saevit.

171 1847 207 1898 At
221 1862 283 1897 vero
294 1845 429 1914 ingentem
443 1849 566 1917 quatiens
578 1849 732 1902 Mezentius
744 1848 847 1903 hastam

171 1913 307 1977 Turbidus
319 1916 462 1984 ingreditur
474 1934 578 1987 eampo.
615 1917 703 1975 Quam
717 1935 831 1986 magnus
843 1918 929 1989 Orion,

171 1983 240 2036 Cum
253 1983 336 2053 pedes
347 1985 446 2038 incedit
459 1986 540 2039 rnedii
554 2004 600 2059 per
612 1988 731 2040 maxima
742 1988 824 2040 Nerei
898 1990 912 2018 '

171 2052 271 2121 Stagna
283 2055 354 2107 viam
367 2055 499 2124 scindens,
514 2056 624 2108 humero
636 2057 818 2125 supereminet
830 2057 923 2128 undas,
968 2059 1019 2110 765

171 2123 234 2188 Aut,
249 2124 363 2176 summis
374 2123 494 2177 referens
503 2142 632 2178 annosam
646 2126 781 2179 montibus
792 2143 894 2197 ornum,

171 2190 373 2261 ingrediturque
385 2192 440 2244 solo
453 2203 479 2245 et
491 2203 572 2262 caput
585 2197 652 2247 inter
665 2195 755 2248 nubila
767 2197 871 2250 condit:

172 2259 246 2313 Talis
257 2278 286 2313 se
299 2263 381 2315 vastis
393 2262 470 2314 infert
483 2262 636 2316 Mezentius
647 2266 738 2316 armis.

172 2329 241 2381 Huic
254 2339 343 2382 centra
355 2334 471 2399 Aeneas,
485 2333 639 2401 speculatus
651 2334 675 2385 in
689 2334 797 2400 agmine
810 2331 896 2403 longo,

170 2397 419 2470 Obviusireparat.
454 2401 549 2453 Manet
562 2401 754 2470 imperterritus
766 2401 819 2469 ille,
968 2404 1021 2453 770

171 2467 282 2520 Hostem
294 2470 495 2537 magnanimum
509 2471 657 2541 opperiens,
671 2479 697 2522 et
710 2470 780 2523 mole
793 2486 842 2522 sua
853 2477 905 2521 stat
913 2485 922 2538 ;

173 2538 262 2605 Atque
273 2537 358 2589 oculis
370 2541 485 2608 spatium
499 2557 633 2607 emensus,
647 2547 776 2607 qnantum
790 2539 856 2591 satis
867 2537 977 2592 hastae:

173 2605 271 2658 ‘Dextr
308 2606 375 2660 milri
388 2607 464 2678 (leus,
477 2619 504 2661 et
516 2609 608 2677 telum,
621 2609 690 2679 quod
705 2608 808 2662 missile
822 2608 894 2679 libro,

171 2673 252 2727 Nunc
263 2623 366 2730 ddsint!
388 2677 478 2729 Voveo
491 2677 630 2747 praedonis
642 2695 750 2747 corpere
762 2678 842 2748 raptis
894 2695 896 2698 ⁴

171 2742 297 2797 Indutum
311 2745 401 2814 spoliis
414 2746 499 2816 ipsum
515 2755 549 2815 te,
563 2747 658 2816 Lause,
672 2757 807 2816 tropaeum
969 2749 1021 2799 rte
1102 2783 1112 2792 -

171 2814 302 2866 Aeneae)
339 2814 417 2881 Dixit,
431 2814 640 2884 stridentemque
652 2816 759 2869 eminus
771 2816 876 2870 hastam

170 2879 256 2951 decit,
274 2891 302 2935 at
313 2882 359 2935 illa
372 2884 463 2937 volans
474 2883 561 2953 clipeo
573 2894 614 2936 est
626 2902 747 2953 excussa,
761 2885 906 2954 proculque

171 2950 315 3020 Egregium
328 2955 446 3006 Antoren
460 2953 530 3006 latus
542 2954 610 3006 inter
621 2962 649 3005 et
661 2953 707 3005 ilia
719 2953 783 3023 tigit,

126 3110 184 3156 7⁴5.
205 3107 264 3156 Olli.
295 3107 343 3156 See
354 3120 378 3157 at
390 3111 405 3159 i.
417 3113 566 3160 een-754.
585 3110 702 3159 Fullente.
730 3110 777 3157 See
789 3120 813 3159 et
824 3110 857 3158 ix.
869 3113 1021 3160 (rw-761.

96 3166 239 3228 Tisiphone.
272 3167 319 3215 See
338 3179 363 3216 at
382 3170 414 3217 vi.
432 3173 584 3218 ssu-763.
606 3169 690 3217 Orien.
724 3169 771 3216 See
791 3179 816 3217 at
834 3170 849 3217 i.
869 3173 1022 3219 seu-rot.

95 3225 183 3276 Nee.
216 3225 263 3273 See
280 3237 305 3273 at
321 3226 345 3274 ii.
361 3230 510 3277 ‹rin-767.
529 3228 577 3275 See
593 3238 617 3274 at
633 3228 664 3275 iv.
683 3230 832 3277 177-773.
849 3226 949 3284 Dextro,
967 3230 1024 3277 rrrr'lt

93 3285 176 3339 Dara.
208 3284 256 3332 See
268 3295 292 3333 at
304 3286 344 3333 vii.
357 3290 448 3334 ets-
457 3291 510 3338 775.
527 3287 624 3334 Lausus
641 3286 695 3335 clad
706 3287 731 3334 in
742 3286 783 3334 the
794 3301 861 3334 arms
871 3286 900 3334 ol
911 3287 1022 3347 Aeneas,

9 3372 11 3375 ·
94 3342 184 3393 would
194 3344 225 3392 be
236 3359 251 3391 a
262 3343 321 3393 kind
332 3344 360 3394 os
367 3346 463 3408 trophy,
477 3345 558 3394 which
570 3361 611 3394 see
623 3345 759 3403 described,
772 3344 805 3394 xi.
817 3347 841 3404 5,
853 3343 905 3395 deo.
