2282 3790
488 152 582 195 nass
600 152 649 195 ιιι
970 135 1043 241 lif

178 282 274 343 Quare
285 280 393 362 seqirsr,
404 296 494 335 russos
504 279 662 351 perplemrn
674 279 724 335 iter
733 295 815 334 mure
825 276 968 335 rorum

179 348 297 406 Fallacia
308 349 421 404 eilrael'
458 349 543 404 Simul
556 357 583 403 et
595 348 710 417 uestigia
722 357 791 403 retro
950 374 957 399 0

180 422 328 475 Observata
339 419 411 489 legit,
423 417 567 488 dumisque
580 418 720 477 silentibus
732 426 810 472 errat.

178 491 264 546 Audit
276 505 367 559 equos,
380 489 455 542 audit
467 488 593 557 strepitus
604 496 632 540 et
642 489 721 556 signa
732 495 903 557 sequentum.

179 561 240 614 Neo
251 559 362 627 longum
373 558 400 612 iu
413 559 502 611 medio
514 566 629 627 tempus,
643 574 705 610 cum
717 556 864 613 clamored
875 556 948 610 euris
979 559 1030 612 305

180 628 312 695 Pervenit,
323 643 359 680 ao
370 627 444 681 videt
456 626 621 697 Euryalum,
639 640 720 696 quem
732 626 790 695 jam
800 642 898 679 manus
908 626 1004 698 orn'nis,

180 697 287 752 Fraude
298 697 350 751 loci
361 707 390 750 et
399 696 495 766 noctis,
508 696 596 755 subito
609 697 731 750 turbante
743 695 869 751 tumultu.
931 716 936 725 ·

180 769 346 848 Oppressum
355 766 425 838 rapit
438 774 466 818 et
476 772 618 819 conantem
630 764 748 835 plurima
756 757 869 818 fmstra.'

112 864 114 871 ·
180 836 254 897 Quid
265 835 368 890 fruare
386 852 440 906 qua
452 835 478 888 vi
488 833 625 904 juvenem,
638 835 737 904 quibus
748 835 848 888 audeat
859 832 948 895 armis„

181 905 314 976 Eriperel
331 922 366 959 an
379 921 440 957 sese
453 903 556 958 medios
568 903 710 957 moriturus
721 903 749 957 in
760 920 840 957 enses
978 906 1031 958 400

121 982 125 987 ”
181 974 289 1044 Inferet,
301 983 332 1028 et
341 973 482 1045 pulchram
492 989 539 1042 pro
576 981 616 1026 ret
627 989 676 1043 per
688 973 799 1026 vulnera
808 973 948 1029 morteuil⁴

180 1044 263 1098 Ocius
273 1043 391 1097 adducto
402 1051 442 1095 tor
460 1059 528 1095 uene
575 1042 636 1095 stile
648 1043 754 1113 lacerto,

182 1113 335 1183 Suspicione
346 1113 429 1167 ultam
441 1060 554 1180 innam,
567 1120 595 1163 et
606 1111 645 1165 sic
657 1128 723 1165 voce
735 1120 872 1182 precatur:
958 1124 964 1149 ⁵

183 1184 192 1215 ‘
199 1183 248 1251 Tu,
261 1183 321 1254 dea,
334 1191 363 1235 tu
374 1198 503 1252 praeseus
514 1188 603 1235 nostro
614 1198 740 1235 succurre
752 1180 844 1252 labori,

181 1254 320 1306 Astrorum
333 1252 418 1305 decus
429 1258 457 1305 et
468 1267 607 1305 nemorum
620 1251 733 1305 Latonia
744 1260 851 1320 cust0s3
978 1253 1030 1305 toa

181 1322 209 1375 Si
221 1336 278 1393 qua
288 1323 341 1375 tuis
352 1337 484 1390 umquam
495 1336 543 1391 pro
555 1337 599 1374 me
612 1328 688 1391 pater
699 1320 833 1390 Hyrtacus
844 1319 899 1374 aris

181 1392 257 1445 Dona
270 1391 336 1461 tulit,
349 1391 372 1445 si
383 1407 438 1461 qua
448 1388 508 1459 ipse
520 1389 590 1443 meis
601 1389 744 1447 venatibus
755 1388 828 1460 auxi,

181 1460 348 1531 Suspendire
360 1459 439 1528 tholo,
452 1467 499 1513 aut
510 1475 585 1512 sacra
596 1458 632 1514 ad
642 1458 749 1527 lastigie
758 1459 821 1513 firi:

181 1529 328 1584 Hunccine
340 1534 385 1583 'me
398 1528 505 1583 turbare
515 1527 634 1599 globum,
647 1538 674 1583 et
687 1545 750 1598 rege
762 1529 817 1582 tels
827 1544 877 1600 per
885 1528 985 1585 auras)

180 1599 302 1668 Dixerat,
313 1607 340 1652 et
352 1607 407 1652 toto
418 1598 547 1653 munium
559 1615 667 1679 corpore
678 1597 779 1653 serrum
979 1603 1032 1654 410

181 1666 303 1738 Oonjioit.
337 1667 421 1721 Hasta
432 1666 526 1720 volans
537 1676 622 1721 noctis
633 1666 784 1721 diverberat
796 1666 914 1741 umbras,

181 1738 217 1793 Et
228 1738 303 1791 veuit
312 1737 401 1793 aversi
412 1737 439 1789 in
451 1744 554 1804 tergum
566 1736 708 1817 Sulmonis,
720 1736 811 1807 ibique

181 1806 322 1876 Frangitur
342 1823 376 1860 ao
386 1806 450 1861 fisso
464 1805 555 1859 transit
566 1806 720 1876 praecordia
732 1805 814 1875 liguo.

180 1875 302 1929 Volvitur
312 1845 358 1928 iile
370 1891 482 1929 vomens
493 1873 611 1929 calidum
623 1876 658 1928 de
670 1882 777 1945 pectore
790 1876 894 1931 flumen

180 1943 312 2014 Frigidus,
325 1952 353 1998 et
364 1944 450 2013 longis
461 1944 622 2013 singultibus
632 1944 678 2001 ilia
690 1945 787 2014 pulsat.
979 1949 1031 2001 416

180 2014 285 2068 Diversi
296 2012 525 2084 circumspiciunt.
560 2014 619 2067 Hoc
629 2010 713 2067 acrior
725 2014 799 2069 idem
959 2040 963 2049 ·

181 2082 254 2137 Ecce
265 2082 338 2136 uliud
350 2099 457 2137 summa
469 2083 552 2137 telum
565 2082 679 2138 librabat
689 2082 726 2137 ab
736 2082 811 2138 aure.

180 2152 252 2208 Dum
265 2152 406 2222 trepidant,
419 2154 450 2205 lit
463 2151 540 2205 basta
551 2152 624 2220 Tago
636 2168 684 2223 per
695 2162 803 2225 tempus
814 2160 966 2227 utrumque,

180 2221 306 2290 Stridens,
319 2221 482 2292 trajectoque
495 2220 581 2275 haesit
594 2221 727 2302 tepefacta
738 2222 857 2276 cerebro.

110 2332 114 2339 .
149 2334 155 2343 .
180 2289 271 2345 Saevit
282 2299 357 2345 atrox
369 2291 505 2359 Volscene,
519 2307 570 2351 uec
582 2291 629 2344 telr
641 2291 768 2359 conspicit
780 2308 895 2361 usquam
959 2294 964 2303 '
980 2295 1032 2347 420

181 2362 335 2431 Auctorem,
348 2377 399 2413 nec
410 2377 504 2429 quoae
515 2359 613 2413 ardens
624 2361 770 2415 immittere
782 2361 872 2428 possit.

183 2428 239 2481 ‘Tu
252 2437 340 2485 tamen
353 2428 455 2483 interea
466 2428 553 2483 calido
564 2429 629 2483 mihi
642 2429 773 2496 sanguiue
785 2445 887 2498 poenas

182 2496 321 2551 Pereolres
332 2499 491 2568 amborum,’
504 2499 589 2567 iuquit
597 2515 605 2566 3
624 2497 704 2551 simul
717 2514 781 2550 ense
794 2496 899 2550 recluso

182 2565 241 2619 lbat
254 2567 279 2621 in
293 2567 451 2636 Euryalum.
486 2567 558 2621 Turn
570 2583 632 2619 vero
645 2568 792 2635 exterritus,
804 2583 909 2638 aurens,
947 2612 951 2617 ,

182 2634 338 2689 Conclamat
348 2638 374 2690 N
376 2638 518 2691 isus—nec
531 2652 562 2689 ee
574 2635 662 2691 celere
675 2635 792 2689 tenebris
980 2639 1033 2693 tte

182 2704 315 2775 Amplius,
327 2715 375 2761 eut
386 2713 490 2761 tantum
501 2704 586 2774 potuit
598 2705 714 2774 perferre
726 2704 884 2761 dolorem-

184 2774 255 2841 ίΜΘ,
269 2791 313 2827 me
333 2774 438 2843 adsum,
451 2774 497 2844 qui
509 2773 571 2841 feci,
586 2775 613 2826 in
625 2791 670 2827 me
682 2775 828 2829 convertite
840 2774 951 2846 sermm,

181 2843 204 2895 0
215 2813 321 2898 Rutulii
342 2860 404 2897 rnen
416 2842 489 2897 fraus
500 2842 604 2911 omnis,
621 2843 686 2899 nibil
699 2844 749 2896 iste
762 2860 812 2897 osc
823 2860 915 2913 ausus,

181 2911 242 2964 Nea
253 2914 352 2982 potuit;
369 2912 475 2966 eoelum
487 2911 538 2966 hoc
550 2919 578 2964 et
589 2911 696 2967 conscia
707 2912 797 2965 sidera
808 2921 906 2983 test0r3

154 3022 159 3033 .
182 2980 297 3034 Tantum
311 2980 446 3035 infelicem
459 2981 570 3035 nimium
584 2980 678 3035 dilexit
688 2979 826 3033 amicum)
982 2984 1034 3036 430

181 3049 259 3103 'l'alds
270 3051 344 3103 dicta
355 3050 453 3119 dsbnt;
471 3050 520 3104 sed
531 3049 633 3104 viribus
644 3049 717 3102 ensis
728 3049 841 3102 adactus

138 3209 194 3258 ffl-
214 3207 352 3258 ommate.
379 3207 432 3256 -See
442 3217 467 3255 st
479 3207 495 3255 1.
505 3211 560 3263 080,
573 3207 597 3255 11.
609 3207 758 3274 ‘lbi-403.
774 3203 897 3255 Precatio·
909 3213 1032 3267 torquear,

110 3265 172 3324 fic..
187 3268 333 3330 suspiciens,
348 3266 407 3322 dno..
419 3275 442 3316 ct
452 3268 488 3315 rie
499 3283 559 3315 coca
593 3265 684 3314 Others
700 3273 760 3313 omit
776 3266 903 3313 ete-405.
920 3264 1035 3315 term.

110 3322 161 3377 sss
170 3337 195 3375 at
206 3328 222 3375 i.
233 3331 290 3384 502,
299 3326 332 3375 iv.
344 3327 494 3375 510,-414.
513 3324 625 3373 Observe
635 3324 678 3373 the
688 3332 797 3373 connast
807 3324 924 3375 between
931 3326 1040 3376 14441411

108 3384 386 3452 andsrigr'dsrr.-427.
403 3383 511 3442 Maure,
525 3382 575 3433 dac.
607 3381 749 3434 Sesatviii.
762 3384 815 3432 144.
1015 3410 1019 3415 -
