2288 3732
489 248 611 291 ECLOGA
627 250 662 292 Ξ.

185 375 243 435 Pan
253 374 322 430 deus
333 375 559 443 Arcadiae-venit,
570 392 656 447 quem
666 376 786 432 vidimus
797 378 848 449 ipsi

186 444 347 514 sanguineis
358 444 432 498 ebuli
443 444 534 499 baccis
544 446 682 514 minioque
695 446 846 502 rubentem.

189 514 305 636 ‘Ecquis
315 513 366 570 erit
377 515 502 568 modusl’
515 515 616 585 inquit3
636 517 733 569 ‘Amor
744 533 797 571 uon
810 518 873 571 talia
884 526 977 589 curat3

186 582 247 639 Nec
268 583 377 639 acrimis
387 582 506 637 crudelis
517 587 608 654 Amor,
622 601 673 637 nec
683 587 805 653 gramina
817 587 886 658 rivis,

186 653 247 707 Nec
258 652 346 724 cytiso
357 661 509 707 saturantur
519 669 594 724 apes,
606 671 658 707 nec
669 654 763 708 fronde
777 656 916 726 capellae)
1004 661 1039 711 ³0

188 721 283 776 Tristis
293 729 322 774 at
333 721 394 774 ille:
414 722 533 777 ‘Tamen
543 723 692 794 cantabitis,
706 724 844 796 Arcades,’
857 726 951 797 inquit,

190 790 346 851 ‘Montibus
357 789 426 844 haec
437 792 542 862 vestris,
555 792 604 846 soli
615 802 723 847 cantare
735 794 814 864 periti

188 861 319 915 Arcades.
354 860 456 915 Omihi
467 869 526 914 tum
538 878 620 931 quarn
632 862 748 917 molliter
759 880 821 917 ossa
832 863 980 936 quiescant,

189 928 287 985 Vestra
299 945 375 983 meos
386 929 450 983 olim
463 930 486 983 si
499 930 589 984 fistula
600 929 672 984 dicet
686 932 807 987 amores!

189 1002 282 1068 Atque
295 998 397 1059 utinam
410 1016 445 1052 ex
456 999 535 1053 vobis
545 1016 623 1069 unus,
636 1002 773 1071 vestrique
783 1001 900 1057 fuissem
1005 1004 1039 1056 35

80 1106 84 1113 -
189 1071 246 1123 Aut
258 1076 349 1121 custos
359 1067 455 1137 gregis,
468 1076 516 1122 aut
528 1077 651 1123 maturae
662 1070 757 1123 vinitor
769 1071 855 1126 uvae!

189 1139 277 1209 Certe,
290 1137 348 1190 sive
361 1137 428 1193 mihi
441 1137 552 1207 Phyllis,
566 1139 625 1193 sive
636 1146 708 1192 esset
720 1141 862 1211 Amyntas,

190 1207 245 1261 Seu
256 1206 421 1276 quicumque
433 1206 606 1278 furor-quid
619 1217 685 1279 turn,
698 1207 722 1262 si
734 1208 829 1264 luscus
840 1208 991 1281 Amyntas!

190 1276 227 1330 Et
238 1276 331 1344 nigrae
343 1275 430 1328 violae
442 1285 504 1330 sunt
516 1284 544 1330 et
555 1277 677 1331 vaccinia
687 1277 799 1345 nigra-

190 1345 304 1419 Mecum
317 1345 386 1398 inter
397 1343 494 1398 salices
504 1346 579 1400 lenta
591 1346 642 1400 suh
653 1346 710 1400 vito
721 1344 822 1416 jaceret
829 1363 838 1416 3
942 1400 944 1405 ,
1006 1352 1041 1403 40

190 1414 269 1468 Serta
278 1414 348 1468 mihi
358 1413 463 1484 Phyllis
474 1412 584 1484 legeret,
596 1425 717 1470 cantaret
729 1417 871 1486 Amyntas.

190 1483 244 1537 llic
255 1483 338 1552 gelidi
350 1482 445 1553 fontes,
459 1483 504 1537 hio
516 1484 607 1538 mollis
618 1492 701 1555 prata,
715 1484 819 1555 Lycori,

190 1552 244 1606 Hic
255 1568 352 1607 nemus
358 1569 367 1621 3
385 1551 430 1606 hio
441 1553 499 1622 ipso
510 1560 603 1607 tecum
614 1569 786 1608 consumerer
795 1570 873 1608 aevo.

190 1622 273 1675 Nunc
284 1622 393 1675 insanus
404 1638 480 1675 amor
491 1622 552 1676 duri
563 1639 609 1676 me
621 1623 719 1676 Martis
729 1623 756 1677 in
768 1624 851 1678 armis
1040 1679 1043 1683 .

191 1691 261 1745 Tela
272 1691 341 1744 inter
352 1690 443 1745 media
454 1699 536 1761 atque
548 1690 675 1745 adversos
687 1691 790 1747 detinet
801 1691 901 1747 hostis:
1006 1694 1042 1751 lh

124 1772 127 1778 ‘
191 1759 235 1817 Tu
246 1759 339 1840 procul
349 1776 367 1813 a
413 1760 550 1814 tria-nec
561 1761 596 1815 sit
608 1760 676 1814 mihi
685 1761 795 1815 credere
807 1760 931 1818 tantum!

124 1834 127 1838 ’
190 1829 306 1900 Alpinas
317 1829 360 1898 ah,
393 1844 447 1899 ura,
459 1829 536 1884 nives
548 1839 575 1883 et
587 1830 684 1900 frigora
693 1829 783 1885 Rheni

191 1899 243 1953 Me
255 1899 314 1952 sine
326 1898 384 1952 sola
394 1898 479 1953 vides.
516 1899 568 1969 Ah,
581 1908 609 1954 te
622 1916 656 1953 ne
668 1899 767 1970 frigora
778 1899 901 1955 laedant!

191 1968 247 2049 nh,
261 1967 308 2022 tibi
319 1983 354 2021 ne
366 1974 473 2021 teneras
483 1968 586 2036 glacies
596 1976 670 2022 secet
681 1984 777 2041 aspera
788 1968 910 2038 plantas!
1041 2032 1044 2043 ⁴

191 2036 250 2108 Ibo,
262 2045 299 2108 et,
312 2035 466 2091 Chalcidico
477 2053 548 2106 quae
560 2046 622 2092 sunt
633 2038 703 2092 mihi
715 2036 822 2091 condita
833 2054 913 2094 versu
1008 2040 1046 2093 50

192 2105 327 2176 Garumna,
340 2106 452 2176 pastoris
463 2106 543 2160 Siculi
555 2106 713 2162 modulabor
723 2122 817 2160 avena.

192 2176 304 2230 Certum
316 2183 357 2229 est
368 2175 395 2229 in
407 2175 491 2246 silvis,
505 2176 573 2229 inter
585 2176 694 2247 spelaea
705 2176 824 2230 ferarum

192 2243 281 2299 Malle
328 2244 348 2298 ti
360 2244 514 2315 tenerisque
526 2260 603 2299 meos
615 2245 734 2300 incidere
746 2262 853 2300 amores

191 2260 341 2370 Arborillr
343 2330 355 2396 3
373 2323 493 2368 crescent
505 2313 583 2368 illae·
601 2314 735 2384 crescetia,
748 2331 862 2370 amores.

192 2383 301 2438 Interea
311 2384 405 2438 mixtis
416 2383 534 2438 lustrabo
544 2355 673 2438 M⁷aenala
684 2383 827 2455 Nymphis,
1010 2388 1046 2438 65

192 2455 250 2507 Aut
260 2452 331 2506 acris
342 2452 460 2507 venabor
470 2469 556 2524 apros
591 2454 653 2508 Non
664 2470 710 2507 me
722 2454 778 2507 ulla
789 2453 917 2508 vetabunt

193 2521 305 2590 Frigora
315 2522 471 2576 Parthenios
482 2523 595 2583 canibus
605 2522 774 2576 circumdare
786 2521 878 2575 saltus.

192 2591 258 2646 Jam
269 2591 337 2645 milri
385 2609 396 2644 r
407 2607 489 2663 rupes
500 2592 592 2646 videor
602 2592 731 2672 lucosque
743 2589 863 2644 sonantis

191 2661 236 2714 Iro
244 2675 252 2729 3
270 2659 338 2714 libet
370 2661 446 2714 artho
459 2669 498 2714 tor
516 2677 581 2715 uere
593 2661 715 2732 Cydonia
726 2673 809 2714 cornu

192 2728 500 2801 Spicula-Tamquam
531 2747 581 2785 aec
592 2731 628 2784 sit
639 2729 720 2784 nostri
732 2728 868 2783 medicina
879 2727 981 2800 luroris,
1011 2732 1045 2784 60

191 2800 250 2854 Aut
262 2799 333 2853 deus
343 2798 389 2853 ille
401 2799 481 2853 malis
491 2799 632 2854 hominum
643 2800 786 2854 mitescere
797 2798 897 2853 discat!

149 2938 189 2984 at.
212 2934 279 2991 11125
305 2933 400 2984 Gallus.
435 2934 530 2984 Tamen.
568 2935 698 3006 Referring
712 2943 739 2985 to
755 2950 770 2982 s
784 2933 932 2994 suppressed
947 2933 1002 2982 idea
1016 2931 1045 2981 os

119 2994 198 3056 griesz
218 2998 226 3022 ⁴
251 3003 286 3051 st,
299 3009 326 3042 as
333 2994 528 3063 aconsolation!
552 2993 600 3043 See
610 2995 673 3043 Aen.
684 3009 716 3042 rv.
728 2995 783 3050 329,
795 3008 819 3041 x.
831 2995 883 3041 509.
891 2994 967 3040 -32,
982 2991 1044 3040 Cass·

120 3049 1046 3180 “ertertullimittrl‘ldehnhilltttttt'tlrltth

145 3186 226 3221 mar.
235 3196 266 3207 —
273 3172 313 3218 46.
328 3169 387 3228 Nec,
401 3172 449 3220 dno.
468 3170 556 3220 Gallus
566 3185 696 3231 expresses
706 3185 722 3218 a
732 3169 795 3218 vvrslr
810 3169 864 3219 that
874 3168 905 3216 ho
916 3182 973 3228 may
983 3167 1046 3214 have

121 3246 192 3280 nome
255 3229 307 3278 und
321 3238 347 3278 to
361 3230 497 3280 disbslieve
507 3229 581 3279 atala
596 3245 626 3278 so
640 3231 832 3289 strango-47.
849 3228 958 3294 Sequar.
970 3227 1048 3272 23.-

121 3293 159 3338 50.
177 3288 218 3339 Ga
239 3304 270 3338 us
285 3288 334 3337 had
345 3289 443 3338 written
454 3304 538 3339 versos
549 3297 601 3345 (ses
612 3288 665 3338 Ecl.
674 3288 707 3336 vi.
718 3291 767 3344 72),
779 3287 805 3335 in
820 3286 941 3334 imitation
955 3282 984 3330 ol
995 3282 1046 3346 Eu·

153 3348 224 3398 orion
235 3347 266 3397 os
279 3347 387 3397 Chalcis.
396 3353 473 3400 -57.
488 3348 642 3397 Parthenios.
674 3345 821 3395 Parthenius
831 3359 882 3391 was
898 3347 1049 3409 sumonntrra

152 3416 238 3457 tvvesn
248 3407 358 3457 Arcadia
364 3408 411 3458 and
420 3406 528 3470 Argolis.
537 3410 612 3455 -59.
627 3406 744 3468 Cydonio,
754 3403 817 3451 from
828 3401 948 3462 Cydonio,
958 3404 1049 3445 atcwu

122 3467 149 3518 cl
156 3468 244 3520 Crete.
276 3466 344 3519 Both
355 3467 473 3519 Parthian
482 3465 531 3518 aad
542 3466 635 3519 Cretan
645 3464 747 3524 archery
757 3476 809 3510 vias
819 3460 922 3510 mmons.
