2242 3826
478 196 629 242 annuos

165 323 290 379 Herculis
303 326 419 379 Antoren
430 325 566 393 comitem,
576 386 579 391 Q
598 326 626 378 ui
637 325 738 379 missus
749 325 785 379 ab
795 325 881 396 Argis

164 394 294 448 Haeserat
306 395 439 463 Evandro,
452 404 534 464 atque
547 342 614 447 ltela
626 395 783 448 consederat
796 395 872 450 urbe.

165 463 294 517 Sternitur
306 464 399 517 infelix
409 465 499 516 alieno
510 463 628 544 vulnere,
641 465 802 534 coelumque

164 535 277 603 Aspicit,
291 542 318 586 et
329 533 418 587 dulcis
430 534 546 587 moriens
559 535 737 586 reminiscitur
748 539 842 603 Argos.

164 603 235 655 Tum
247 604 308 673 pius
320 606 428 657 Aeneas
441 603 543 655 hastam
556 602 637 671 jacit,
656 603 706 655 illa'
714 621 762 671 per
774 604 864 657 orbem

163 674 235 726 Aere
247 689 344 726 cavum
357 672 461 741 triplici,
475 689 522 742 per
534 672 606 724 linea
618 680 704 756 terga⁴
714 673 852 741 tribusque

163 741 277 794 Transiit
291 742 423 795 intentum
437 743 519 794 tauris
530 757 604 810 opus,
619 741 727 815 imaque
740 743 809 795 sedit

163 810 277 879 inguine
285 828 293 879 3
312 810 360 863 sed
373 811 443 863 vires
456 811 526 863 haud
540 811 659 879 pertulit.
695 812 776 864 Ocius
788 827 885 865 ensem

162 882 279 949 Aeneas,
292 879 349 932 visu
361 880 493 950 Tyrrheni
505 881 636 948 sanguine
649 879 742 949 laetus,

164 949 248 1018 Eripit
260 966 277 1000 a
289 948 398 1010 semine,
412 958 439 1002 et
453 949 594 1018 trepidanti
608 949 727 1002 fervidus
740 950 829 1002 instat.

163 1018 296 1086 ingemuit
308 1019 363 1070 cari
375 1020 491 1086 graviter
502 1019 630 1086 genitoris
641 1036 740 1087 amore,

162 1086 199 1141 Ut
211 1086 286 1157 vidit,
299 1087 410 1156 Lenem,
424 1086 605 1157 lacrimaeque
617 1106 664 1158 per
675 1105 721 1140 cra
733 1087 849 1140 volutae.

197 1156 249 1209 Hic
262 1158 353 1209 mortis
364 1156 447 1209 durae
460 1174 554 1210 casum
567 1167 666 1227 tuaque
678 1158 780 1226 optima
792 1157 870 1228 tacta,

161 1225 188 1279 Si
200 1243 254 1296 qua
265 1225 347 1280 fidem
361 1235 434 1279 tanto
446 1236 487 1279 est
499 1227 573 1297 operi
586 1227 670 1280 latura
683 1236 810 1296 vetustas,

161 1289 370 1365 Ncn'equidem,
383 1312 434 1348 nec
447 1305 481 1364 te,
494 1295 601 1365 juvenis
613 1296 793 1364 memorande,
807 1294 903 1349 silebo.

197 1365 245 1418 Ille
258 1367 357 1434 pedem
370 1365 489 1418 referens
501 1374 528 1417 et
541 1365 643 1418 inutilis
655 1366 736 1434 inque
749 1365 848 1434 ligatus

162 1433 290 1504 Cedebat,
303 1435 443 1504 clipeoque
455 1435 595 1488 inimicum
607 1434 702 1487 hastile
716 1434 847 1488 trahebat.
962 1437 1015 1487 tas

162 1501 292 1573 Proripuit
299 1503 406 1574 juvenis
417 1521 531 1574 seseque
545 1503 691 1557 immiscuit
703 1505 792 1571 armis,

160 1572 276 1641 Jamque
287 1574 452 1640 assurgentis
464 1573 557 1626 dextra
570 1574 730 1642 plagamque
743 1572 853 1626 ferentis

160 1642 271 1694 Aeneae
283 1641 364 1695 subiit
376 1659 541 1709 mucronem,
555 1642 699 1711 ipsumque
712 1643 854 1696 morandc-
897 1686 900 1694 .

161 1709 289 1763 Sustinuit
297 1728 304 1778 3
323 1711 388 1763 socii
400 1729 498 1780 magno
510 1712 627 1764 clamore
640 1722 795 1782 sequuntur,

162 1779 234 1833 Dum
246 1781 349 1847 genitor
361 1783 416 1833 nati
428 1798 522 1850 parma
533 1790 668 1851 protectus
679 1781 774 1849 abiret,

162 1848 282 1918 Telaque
295 1849 445 1919 conjiciunt,
460 1851 666 1920 proturbantque
678 1850 786 1903 eminus
797 1849 903 1904 hostem

162 1917 323 1972 Missilibus.
360 1919 432 1973 Furit
445 1922 560 1988 Aeneas,
575 1929 716 1988 tectusque
730 1927 803 1973 tenet
814 1937 853 1972 se.

162 1990 204 2041 Ac
216 1987 290 2040 velut
303 1987 390 2041 effusa
402 1989 423 2040 si
436 1988 543 2058 quando
554 1987 684 2058 grandine
698 1988 783 2041 nimbi
813 2040 820 2053 ,

163 2056 350 2126 Praecipitant,
364 2059 451 2110 omnis
463 2059 566 2128 campis
578 2057 684 2125 diffugit
696 2068 789 2126 arator,

163 2125 258 2178 Omnis
270 2134 296 2177 et
308 2126 433 2196 agricola,
448 2137 474 2180 et
488 2137 544 2180 tuta
556 2127 623 2180 latet
635 2144 696 2179 arce
710 2127 801 2196 vietor,
965 2128 1023 2178 805

164 2196 318 2247 Antemnis
331 2196 400 2265 ripis,
413 2205 461 2249 aut
473 2196 519 2249 alti
533 2196 633 2249 fornice
646 2195 711 2265 saxi,

164 2262 235 2316 Dum
248 2263 314 2333 pluit
326 2264 353 2318 in
366 2266 448 2335 terris,
461 2275 490 2318 ut
503 2267 604 2335 possint
617 2266 672 2318 sole
687 2265 795 2317 reducto

164 2332 297 2386 Exercere
310 2333 397 2388 diem:
418 2335 457 2387 sic
469 2334 579 2388 obrutus
591 2334 711 2403 undique
725 2333 786 2386 telis

164 2403 273 2454 Aeneas
285 2402 387 2456 nubem
399 2403 471 2474 belli,
485 2403 550 2456 (lum
563 2403 673 2457 detonet
685 2403 780 2472 omnis,

165 2470 291 2541 Sustinet,
305 2482 332 2524 et
345 2473 462 2526 Lausum
476 2472 615 2542 increpitat
628 2473 769 2541 Lausoque
783 2471 898 2524 minatur
906 2486 915 2540 ;
967 2472 1027 2523 810
1108 2474 1109 2507 l

166 2541 240 2599 ‘Quo
254 2542 379 2594 moriture
392 2543 451 2611 ruis,
466 2542 621 2612 majoraque
633 2542 734 2594 viribus
748 2541 855 2594 audesl
1108 2544 1109 2547 ’

168 2609 248 2663 Fallit
261 2620 287 2663 te
301 2611 437 2664 incautum
450 2611 537 2680 pietas
548 2612 612 2664 tua.²
648 2612 708 2665 Nec
721 2611 812 2662 minus
824 2610 869 2662 ille

165 2679 288 2732 Exsultat
300 2680 429 2749 ‹lemens3
450 2697 547 2732 saevae
558 2680 669 2750 jamque
681 2680 764 2732 altius
776 2679 830 2731 irae

164 2747 296 2801 Dardanio
309 2757 419 2817 surgunt
431 2748 542 2816 ductori,
556 2765 733 2818 extremaque
746 2748 834 2800 Lauso

166 2817 266 2869 Parcae
278 2817 323 2870 fila
335 2817 428 2886 legunt
435 2834 443 2885 5
462 2818 580 2872 validum
592 2836 710 2887 namque
722 2817 806 2886 exigit
818 2832 915 2869 ensem
971 2817 1030 2868 815

166 2886 216 2938 Per
228 2886 350 2939 medium
363 2891 471 2940 Aeneas
482 2886 772 2956 juvenem,‘totumque
786 2885 916 2938 recondit.
953 2926 959 2933 .

165 2954 279 3007 Transiit
291 2966 319 3008 et
331 2973 452 3025 parmam
465 2973 565 3025 mucro,
579 2957 650 3009 levia
662 2973 737 3009 arma
750 2955 872 3025 minacis,

104 3028 110 3035 “
166 3023 201 3075 Et
213 3024 339 3092 tunicam,
354 3025 427 3078 molli
440 3034 526 3078 mater
538 3042 621 3104 quam
635 3034 744 3078 neverat
757 3041 832 3092 auro,
861 3078 864 3079 a

166 3089 345 3160 Implevitque
358 3094 445 3146 sinum
459 3111 575 3162 sanguis,
589 3103 647 3146 tum
661 3095 716 3147 vita
728 3110 777 3163 per
788 3109 870 3146 auras

165 3157 302 3211 Concessit
316 3170 419 3213 moesta
430 3162 465 3215 ad
477 3163 576 3231 Manis,
590 3180 740 3233 corpusque
754 3162 870 3232 reliquit.
902 3188 910 3207 ι
975 3161 1035 3213 82⁰
1108 3160 1109 3223 ζ

165 3224 202 3274 At
214 3241 277 3278 vero
290 3237 318 3280 ut
330 3229 436 3283 vultum
449 3231 515 3284 vidit
529 3233 670 3286 morientis
681 3243 709 3285 et
720 3249 776 3300 ora,
969 3248 975 3259 “
1108 3240 1109 3249 ’

94 3352 185 3454 ‘nezel-t
195 3357 348 3468 ξῶθῐίνκὲὁιὶ,
358 3368 561 3472 ἕίἰεὶοῃιδοῐοῐθ
583 3372 790 3442 Aspicit-892.
811 3372 953 3434 Toetmqttti
977 3368 1036 3421 &-

241 3449 246 3461 ·
337 3459 342 3471 .
385 3438 535 3490 rampnast.
567 3430 855 3490 accusatricem.
