2282 3790
534 232 696 278 mmm.

223 362 335 434 Aocipio
346 370 374 418 et
385 364 515 419 comitem
525 380 606 417 casus
617 361 779 484 complector
790 361 818 414 in
829 361 918 417 omnis

224 432 307 488 Nulla
318 434 388 487 meis
400 435 458 487 sine
470 444 497 487 te
509 442 652 503 quaeretur
663 432 746 511 gotie
758 430 839 483 rebus
846 447 854 500 3

224 502 277 555 Seu
290 519 384 572 paoem
397 521 445 557 seu
458 503 529 556 belle
540 519 640 572 geram,
654 501 703 554 trbi
715 502 834 554 maxima
846 516 936 554 rerum

224 570 426 641 verborumque
438 573 524 626 fides)
561 572 657 624 Contra
668 586 752 639 quern
763 566 827 621 talia
838 569 909 623 fatur
1016 574 1062 623 28⁰

224 641 374 711 Euryalus:
393 642 456 695 ‘Me
467 640 542 694 nulia
553 640 612 693 dies
624 649 679 693 tem
692 639 803 693 fortibus
814 639 889 693 ausis

224 710 389 764 Dissimilem
400 713 516 778 arguerit
524 726 532 778 3
550 718 662 778 tantum,
677 709 781 761 fortuna
793 708 913 761 secunda

223 785 278 833 Aut
290 778 403 832 ariversa
414 779 502 832 cadat.
538 778 589 831 Sed
602 787 629 832 te
640 795 721 848 super
731 777 825 830 omnia
834 777 904 831 done

223 847 314 900 Unum
326 865 388 917 oro;
405 848 529 918 genetrix
540 847 639 901 Priami
652 848 780 915 degente
793 856 898 900 vetusta

223 916 273 970 Est
285 915 360 984 mihi,
373 934 456 986 quem
469 917 596 971 miseram
609 917 693 971 tenuit
704 932 757 969 non
769 914 817 968 Ilia
829 916 910 969 tellus
1018 919 1064 970 2⁸⁵

223 984 336 1038 Mecum
348 986 534 1056 excedentem,
548 1003 598 1038 non
611 985 717 1038 moenia
729 985 799 1052 regis
810 987 936 1041 Acestae.

223 1054 300 1106 Hanc
312 1071 362 1123 ego
374 1072 445 1109 nuno
457 1056 577 1124 ignaram
590 1054 671 1124 hujus
682 1054 872 1123 quodcumque
883 1054 976 1124 pericli
987 1062 1026 1108 est

224 1123 309 1193 Inque
322 1123 465 1178 salutatam
478 1125 583 1193 linqu03
602 1125 663 1176 Nox
674 1129 701 1175 et
713 1133 759 1175 tua
770 1126 847 1176 testis

226 1193 348 1260 Dextera,
361 1192 431 1263 quod
444 1210 576 1272 nequeam
591 1193 715 1245 lacrimas
727 1192 843 1262 preferre
854 1193 980 1262 parentis.

223 1263 260 1315 At
272 1269 308 1331 tu,
321 1278 373 1331 oro,
387 1263 472 1314 solare
484 1279 598 1332 inopem,
613 1271 640 1314 et
652 1277 777 1314 succurre
790 1261 907 1315 relictae.
1019 1266 1067 1314 290

223 1331 300 1384 Hanc
312 1331 370 1384 sine
383 1347 427 1384 me
440 1349 515 1431 spem
529 1331 597 1384 serre
610 1332 663 1383 tui:
682 1329 820 1383 audentior
832 1331 876 1384 ibo

223 1400 255 1453 In
267 1417 347 1453 casus
357 1402 452 1454 omnis.
499 1401 629 1454 Percussa
641 1408 733 1452 mente
746 1399 846 1452 dedere

224 1468 392 1522 Dardanidae
405 1469 546 1539 lacrimas3
564 1479 626 1522 ante
639 1469 726 1522 omnis
738 1468 850 1538 pulcher
861 1467 944 1539 Iulus,

223 1538 313 1606 Atque
324 1541 447 1591 animum
458 1539 560 1609 patriae
572 1540 677 1592 strinxit
689 1538 797 1607 pietatis
809 1539 906 1607 imago.

222 1606 344 1669 Tumsio
357 1607 468 1661 effatur:
1019 1609 1071 1659 295

224 1675 232 1707 ‘
239 1674 343 1745 Sponde
356 1675 436 1744 digna
448 1677 502 1730 tuis
513 1676 666 1746 ingentibus
677 1676 768 1729 omnia
780 1676 890 1745 coeptis.

221 1743 348 1812 Namque
361 1747 409 1798 erit
423 1746 473 1798 istu
485 1746 552 1799 mihi
563 1747 692 1814 genetrix,
706 1761 859 1816 nomenque
871 1745 990 1798 Creusae

222 1813 313 1867 Solum
325 1814 448 1885 desuerit,
463 1831 514 1868 nec
526 1826 630 1886 partum
642 1815 727 1884 gratia
739 1814 821 1867 tuiem

222 1883 308 1936 Parra
320 1893 418 1937 manet.
455 1885 540 1939 Casus
552 1884 652 1937 sectum
664 1883 829 1953 quicumque
840 1900 869 1937 ee
890 1891 987 1937 nentur

221 1951 273 2005 Per
284 1963 364 2022 caput
377 1952 428 2006 hoc
438 1953 504 2023 juro,
517 1971 565 2023 per
577 1954 646 2022 quod
659 1962 734 2022 puter
745 1960 809 2005 ante
821 1952 876 2004 sole
914 1960 939 2005 t:
1024 1955 1077 2005 300

221 2019 297 2077 Quae
311 2021 358 2074 tibi
369 2022 495 2092 polliceor
507 2023 598 2075 reduci
611 2022 744 2091 rebusque
757 2021 889 2088 secundis,

221 2088 296 2142 Haec
308 2090 405 2144 eadem
416 2092 550 2161 matrique
562 2101 624 2144 tuae
636 2092 782 2160 generique
794 2089 961 2144 manebunt!

222 2156 267 2210 Sic
278 2159 316 2211 ait
327 2159 505 2229 illacrimans3
524 2161 636 2214 humero
649 2159 728 2213 simul
741 2161 816 2213 exuit
828 2176 931 2229 ensem,

221 2228 361 2297 Auratum,
375 2230 443 2282 mira
455 2246 537 2298 quem
549 2229 650 2282 feceret
662 2239 719 2281 arte
732 2230 840 2298 Lycaon

222 2295 338 2350 Gnosius
348 2308 430 2367 atque
442 2298 560 2351 habilem
573 2300 671 2367 vagina
682 2308 785 2368 aptarat
797 2298 907 2352 eburna.
1026 2301 1077 2350 305

220 2365 273 2419 Dat
284 2366 350 2419 Niso
361 2367 521 2421 Mnestheus
533 2367 634 2438 pellem
646 2368 829 2436 horrentisque
839 2366 926 2420 leonis

159 2453 166 2465 ·
222 2434 360 2505 Exuvias3'
373 2437 479 2504 galeam
492 2437 562 2490 fidus
574 2446 707 2507 permutat
719 2437 821 2489 Aletes.

222 2503 351 2557 Protenus
362 2507 458 2558 armati
470 2506 613 2575 incedunt5
631 2501 798 2576 quos'omnis
810 2505 898 2558 euntis

221 2573 369 2627 Primorum
382 2592 479 2629 manus
490 2575 524 2627 ad
538 2585 632 2645 portas,
645 2574 830 2645 juvenumque
842 2589 1004 2644 senumque,

220 2642 390 2712 Prosequitur
402 2646 478 2698 votis.
513 2645 573 2698 Neo
585 2662 636 2697 non
649 2655 675 2696 et
689 2644 800 2713 pulcher
810 2643 891 2707 Iulus,
1026 2646 1080 2695 sto

220 2713 291 2765 Ante
303 2729 388 2765 annos
398 2714 573 2782 animumque
585 2731 683 2781 gerens
694 2729 840 2781 curamque
852 2712 969 2782 virilem,

220 2780 310 2833 Mults
321 2783 389 2851 patri
400 2783 526 2835 mandatu
538 2782 619 2835 dabat
631 2782 765 2852 portanda.
801 2780 856 2834 Sed
866 2798 949 2834 aurae

217 2849 314 2902 Omnia
325 2850 486 2921 discerpunt,
499 2860 526 2904 et
539 2852 741 2920 nubibusirrita
752 2851 861 2903 donant.

257 2919 363 2986 Egressi
375 2928 500 2989 superant
513 2920 605 2990 fossas,
618 2921 757 2989 noctisque
771 2937 817 2989 per
830 2919 955 2975 umbram

219 2987 312 3040 Castra
320 2988 430 3050 ¹inimica
442 2998 544 3059 petunt,
558 2990 650 3043 multis
662 2999 752 3042 tamen
764 2997 828 3042 anto
839 2988 922 3042 futuri
1025 2989 1077 3040 315

157 3120 230 3171 ‘282
248 3120 375 3183 Argum't.
408 3122 455 3170 See
471 3130 495 3170 ut
512 3124 545 3170 vi.
562 3126 599 3171 39.
635 3123 837 3172 Tantumseems
856 3122 984 3180 tomeun,
1008 3120 1076 3170 'this

148 3179 220 3227 much
234 3179 244 3227 1
257 3195 301 3226 cun
312 3181 426 3238 promise,
441 3181 565 3230 whatever
576 3180 681 3231 besalis!
705 3183 753 3230 See
764 3193 789 3230 et
800 3183 824 3230 ii.
834 3185 888 3231 690.
897 3186 991 3232 —286.
1003 3180 1076 3231 Moe·

147 3242 199 3292 nia,
214 3238 261 3283 dac.
284 3238 330 3284 See
342 3254 364 3288 ν,
378 3243 432 3296 746,
444 3241 593 3289 dne-291.
614 3240 670 3299 Tui,
684 3244 706 3289 ·i
716 3241 829 3290 unelided
841 3243 924 3291 before
934 3245 1074 3291 audatior.

147 3297 235 3339 -294.
254 3294 374 3353 Compare
385 3297 434 3345 this
446 3299 494 3346 line
506 3300 565 3347 with
577 3314 600 3348 x.
612 3302 666 3348 824.
696 3301 760 3348 Here
768 3303 864 3363 patriae
871 3303 972 3364 pietatus
983 3301 1006 3349 is
1017 3300 1075 3348 iove

147 3347 194 3446 pgr
204 3364 220 3394 a
229 3349 320 3408 suthem
338 3365 362 3401 ut
374 3370 398 3402 x.
410 3359 464 3412 824,
478 3358 519 3405 the
532 3359 585 3406 love
596 3360 627 3420 of
633 3375 646 3406 e
657 3359 744 3408 father.
777 3360 824 3408 See
839 3360 893 3409 niso
904 3371 928 3408 at
940 3361 965 3408 ii
978 3361 1077 3407 559.-

179 3404 201 3446 6·
218 3404 339 3462 Spondere
353 3411 412 3459 here
429 3429 514 3464 means
531 3426 556 3464 to
575 3433 660 3465 ussure
679 3419 814 3468 onds-sels
828 3419 861 3469 of.
899 3420 995 3469 Others
1014 3411 1076 3466 read

147 3461 349 3514 spondeo—305.
369 3470 484 3521 Gnosius.
516 3474 564 3524 See
575 3490 599 3538 p.
612 3480 665 3535 179,
676 3477 725 3527 line
736 3480 774 3528 24,
