2242 3826
473 234 635 277 inuentos.

160 360 337 435 Hippotaden,
351 363 526 434 sequiturque
538 362 698 416 incumbens
709 362 816 416 eminus
827 362 906 416 hasta

159 435 301 504 Tereaque
327 434 562 504 Harpalycumque
585 443 613 485 et
636 433 840 503 Demophoonta
862 433 945 486 Chro-

231 505 372 573 mimque;
962 507 1011 556 676

160 573 285 642 Quotque
297 573 398 625 emissa
409 587 491 625 manu
505 571 630 624 contorsit
642 570 745 692 spicula
756 572 839 641 virgo,

160 642 212 694 Tot
225 643 331 712 Phrygii
343 640 467 693 ceo-idere
479 640 537 694 viri.
574 641 657 693 Procu
681 641 799 710 Ornytus
809 641 893 693 armis

161 711 262 780 Ignotis
274 721 301 763 et
313 727 382 779 equo
395 718 505 763 venator
517 710 616 779 Iapyge
629 709 719 779 fertur,

162 781 213 834 Cui
226 780 305 850 pellis
315 780 383 832 latos
393 778 520 832 humeros
531 789 623 848 erepta
633 777 749 848 juvenen

163 849 306 917 Pugnatori
317 848 410 917 operit,
423 858 503 917 eaput
516 849 610 916 ingens
621 848 678 900 eris
686 847 777 901 hiatus
961 852 1012 902 680

164 919 198 973 Et
211 918 300 970 malae
313 925 404 970 texere
417 918 472 988 lupi
484 934 548 971 eum
560 917 684 970 dentibus
695 917 773 986 albis,

162 987 336 1065 Agrestisque
349 1003 446 1040 manus
457 994 543 1040 armat
556 1003 650 1056 sparus
657 1003 666 1056 3
684 987 741 1055 ipse
753 986 869 1040 catervis

161 1056 282 1109 Vertitur
293 1073 320 1107 rn
332 1055 438 1126 mediis,
452 1064 480 1108 et
493 1064 546 1109 toto
558 1056 662 1108 vertice
672 1072 752 1125 supra
764 1065 814 1108 est.

164 1126 243 1179 Hune
255 1124 301 1177 illa
312 1134 464 1194 exceptum,
478 1141 567 1194 neque
580 1126 652 1178 enim
665 1123 739 1178 labor
750 1125 859 1193 agmine
872 1141 955 1195 verse,

164 1194 284 1265 Trajioit,
297 1203 324 1247 et
337 1193 498 1264 superhaec
511 1192 619 1247 inimico
632 1202 739 1265 pectore
751 1193 840 1248 fatur:
961 1198 1013 1247 685

165 1263 260 1317 ‘Silvis
273 1276 307 1333 te,
320 1263 466 1333 Tyrrhene,
481 1262 553 1317 seras
564 1264 665 1331 agitare
678 1263 795 1334 putastil

163 1333 284 1388 Advenit
315 1333 342 1385 ui
356 1340 444 1385 vestra
455 1331 516 1385 dies
527 1332 705 1386 muliebribus
715 1333 799 1386 armis

163 1402 254 1456 Verba
266 1350 438 1471 redarguerit.
473 1402 580 1455 Nomen
594 1412 684 1455 tamen
697 1401 769 1454 haud
782 1403 844 1455 leve
856 1408 961 1472 patrum

163 1472 291 1525 Manibus
304 1471 354 1523 heo
367 1471 475 1540 referes,
489 1471 542 1523 telo
554 1471 685 1524 cecidisse
697 1471 848 1524 Camillae!

165 1541 287 1594 Protinus
295 1539 460 1594 Orsilochum
473 1549 500 1592 et
512 1540 606 1609 Buten,
615 1540 668 1593 duo
681 1541 799 1593 maxima
810 1541 945 1594 Teucrum
963 1543 1015 1592 600

163 1611 291 1689 Corpora:
310 1609 358 1662 sed
371 1609 457 1662 Buten
467 1626 595 1663 aversum
607 1610 719 1678 cuspide
732 1610 790 1662 fixit

164 1678 285 1731 Loricam
297 1678 458 1747 galeamque
471 1679 545 1747 inter,
558 1696 612 1748 qua
624 1679 693 1732 oolla
704 1679 826 1733 sedentis

162 1748 266 1801 Lucent
289 1757 316 1800 et
329 1747 407 1800 laevo
419 1747 553 1817 dependet
566 1765 659 1818 parma
670 1748 771 1802 lacerto
777 1763 786 1817 3

163 1787 337 1885 Orsilochum,
350 1815 457 1884 fugiens
469 1834 651 1887 magnumque
663 1818 764 1888 agitata
775 1833 824 1887 per
834 1816 935 1888 orbem

164 1886 255 1940 Eludit
267 1903 333 1955 gyro
345 1886 459 1956 interior,
473 1888 647 1957 sequiturque
659 1897 818 1957 sequentem
825 1903 834 1955 3
963 1889 1020 1938 605

164 1952 237 2009 Tum
248 1955 367 2009 validam
379 1972 479 2026 perque
491 1972 567 2009 arma
578 1958 635 2009 viro
647 1973 746 2026 perque
759 1972 819 2008 ossa
831 1954 955 2025 securim,

163 2024 249 2077 Altior
261 2040 416 2094 exsurgens,
430 2027 514 2079 oranti
526 2034 553 2078 et
565 2025 650 2079 multa
662 2026 782 2096 precanti

163 2093 217 2146 Con
254 2095 353 2147 minat·
372 2095 469 2147 vulnus
480 2094 568 2147 calido
580 2097 646 2164 rigat
658 2113 703 2147 ora
715 2094 834 2148 cerebro.

162 2112 257 2215 uolitet
271 2160 334 2216 huie
346 2164 488 2232 subitoque
500 2174 611 2234 aspectu
624 2165 728 2217 territus
740 2164 827 2217 haesit

162 2232 394 2301 Appenninicolae
405 2233 517 2287 bellator
527 2234 598 2287 lilius
609 2234 688 2303 Auni,
966 2236 1025 2286 700
1114 2280 1115 2283 ,

162 2299 240 2353 Haud
254 2300 381 2370 Ligurum
393 2311 538 2371 extremus,
550 2302 616 2371 dum
629 2303 722 2355 l'allere
734 2300 790 2354 fata
802 2301 934 2354 sinebant.

164 2369 252 2439 leque,
265 2371 311 2424 ubi
324 2388 353 2423 se
367 2370 439 2424 nulle
450 2371 506 2441 jam
519 2390 597 2425 cursu
611 2372 726 2425 evadere
738 2388 844 2441 pugnae

162 2438 244 2492 Posse
257 2457 345 2510 neque
358 2442 503 2495 instantem
515 2443 634 2511 reginam
646 2450 768 2495 avertere
780 2440 873 2510 cernit,

162 2508 277 2562 Oonsilio
290 2527 396 2564 versare
407 2510 483 2563 deles
495 2512 631 2580 ingressus
643 2519 670 2564 et
681 2521 750 2579 astu,
772 2514 774 2520 '

163 2577 260 2647 Incipit
272 2579 357 2633 haee:
378 2579 464 2638 ‘Quid
478 2580 692 2649 tamegregium,
706 2580 728 2632 si
740 2578 841 2635 femina
853 2578 915 2632 sorti
966 2583 1026 2634 705
1114 2626 1115 2633 ,

163 2644 237 2700 Fidis
247 2649 338 2718 equol
373 2648 487 2702 Dimitte
499 2649 599 2718 fugam,
613 2657 640 2702 et
653 2657 680 2702 te
692 2650 842 2702 comminus
852 2664 941 2718 aequo

162 2714 274 2787 Mecum
287 2717 367 2771 crede
380 2717 442 2786 solo,
456 2735 617 2789 pugnaeque
628 2719 704 2772 aeein
725 2736 741 2770 e
753 2718 887 2788 pedestri:

161 2784 224 2839 Jam
237 2804 339 2854 nosces,
353 2795 465 2840 ventosa
476 2789 544 2840 ferat
556 2788 600 2841 oui
612 2786 697 2856 gloria
706 2736 837 2841 iaudem'

162 2854 234 2908 Dixit
241 2871 250 2922 ;
267 2865 295 2908 at
307 2856 354 2910 illa
366 2855 458 2909 furens
468 2859 576 2926 aerique
587 2874 703 2910 aceensa
714 2857 804 2909 dolore

161 2923 253 2976 Tradit
264 2942 364 2994 equum
377 2926 474 2996 comiti,
489 2927 649 2995 paribusque
664 2926 762 2984 resistit
775 2926 801 2979 in
813 2924 905 2996 armis,
967 2929 1031 2980 710
1113 2894 1115 3013 i

161 2992 234 3046 Ense
246 2996 331 3063 pedes
344 2995 423 3062 nudo,
437 3012 558 3065 puraque
570 2995 689 3049 interrita
701 3012 803 3066 parma.

119 3156 174 3202 678.
191 3154 295 3216 Ignotir,
318 3150 432 3208 insolitis.
463 3160 560 3223 Iapyge,
582 3161 714 3221 Appuliun.
749 3162 798 3210 See
815 3171 840 3211 at
857 3165 1030 3214 atu-687.

91 3206 213 3258 Construe
224 3214 283 3263 Dier
294 3220 390 3265 aduenit
401 3222 452 3279 qui,
464 3222 615 3268 muliebribus
631 3223 714 3277 ermis,
729 3224 879 3283 redarguerit
894 3231 984 3271 uestra
995 3224 1030 3280 (l.

92 3264 141 3314 tter
152 3272 228 3317 uerba.
235 3278 332 3343 *7⁰⁰·.
342 3276 555 3338 Appenninicolae,
566 3295 580 3326 s
591 3292 643 3326 rare
652 3281 727 3336 word,
739 3281 820 3329 menni
864 3296 897 3328 un
907 3281 1029 3330 inhahit-

90 3327 130 3363 unt
141 3322 170 3366 os
181 3325 221 3371 the
233 3329 386 3390 Aponnrnes,
400 3335 441 3382 the
458 3337 584 3385 mountain
599 3353 673 3406 rouge
689 3340 742 3387 that
758 3352 840 3388 ruust
859 3340 939 3400 rough
952 3341 1030 3405 tuly

88 3366 683 3508 mffiilitssfflgawlm'ghaffigurm
699 3413 765 3447 were
780 3398 855 3448 noted
869 3414 898 3448 us
908 3412 925 3448 s
935 3398 1030 3463 (ποίη
