2320 3744
530 208 625 251 aisse
644 210 682 251 r.·
785 177 791 181 ’
1002 194 1063 254 m

208 337 252 392 Illi
263 336 553 407 indignanteqmeguo
565 354 627 391 cum
640 354 777 392 murmure
789 347 895 410 monus,
1028 341 1063 393 δῦ

146 456 151 463 .
207 408 315 461 Circum
327 407 446 461 claustra
458 406 576 460 fremunt
583 423 590 475 3
609 407 682 460 celsa
694 408 770 461 sedet
783 409 884 463 Aeolus
894 427 958 463 arcs

208 476 259 530 See
280 485 435 543 iratenens,
448 476 586 546 mollitque
601 477 706 529 animos
718 486 746 530 et
757 487 888 547 temperat
901 479 986 548 iras;r

207 546 245 600 Ni
258 493 349 616 horat,
362 545 447 599 maria
459 562 491 624 ao
504 557 588 599 terras
600 546 762 615 coelumque
773 548 934 616 profundum

208 615 316 686 Quippe
329 616 416 668 lerant
428 615 511 684 rapidi
523 631 617 668 secum
629 625 792 695 verrantque
803 634 851 685 per
862 634 951 671 auras.

209 685 263 738 Sed
275 693 351 756 peter
362 683 530 753 omnipotens
542 684 676 753 speluncis
687 684 792 738 abdidit
803 687 877 755 atris,
1029 687 1066 739 oo

212 752 271 808 Hoc
282 762 416 823 metuens,
429 753 585 822 molemque
596 763 623 806 et
636 755 734 807 montis
745 754 853 824 iusuper
863 754 932 810 altos

210 823 348 894 Imposuit,
361 839 508 892 regemque
520 822 604 892 dedit,
611 823 663 944 qui
674 822 782 877 loedere
794 834 867 877 certo

211 893 247 948 Et
259 909 383 962 premere
395 900 422 945 et
434 892 508 944 laxes
519 891 600 944 sciret
630 909 675 945 ars
686 891 777 960 jussus
788 892 917 947 habenas.

211 961 254 1016 sd
267 978 352 1031 quem
364 971 422 1015 tum
432 962 502 1017 Juuo
514 961 629 1030 supplex
638 960 682 1016 his
694 963 805 1016 vocibus
816 980 865 1016 use
876 972 933 1016 est:

248 1031 356 1100 ‘Ascle
363 1048 425 1084 nom
445 1047 480 1083 ue
488 1030 537 1083 tibi
546 1031 638 1083 divom
647 1039 810 1101 peteretque
822 1032 963 1086 homiuum
971 1045 1020 1086 rex
1030 1034 1064 1085 65

213 1101 247 1154 Et
259 1101 379 1153 mulcere
391 1047 465 1152 deiri
477 1099 577 1152 fluctus
588 1109 615 1152 et
627 1100 720 1153 tollere
732 1110 819 1170 vento,

211 1171 287 1223 Gens
298 1169 409 1223 inimice
420 1169 487 1223 mihi
499 1169 668 1238 Tyrrhenum
680 1170 788 1238 navigat
800 1187 907 1242 aequor,

212 1238 293 1293 Ilium
306 1239 333 1292 in
344 1239 450 1293 ltaliam
462 1248 569 1308 portans
580 1238 719 1308 victosque
735 1239 855 1292 Penatis:

213 1309 307 1362 Incuts
319 1308 377 1362 vim
388 1308 476 1362 uentis
488 1307 696 1378 submersasque
707 1309 792 1362 obrue
804 1309 908 1379 puppis,

213 1379 269 1431 Aut
280 1393 332 1446 age
343 1378 465 1431 diversos
476 1385 505 1429 et
515 1376 612 1447 disjice
623 1394 732 1446 corpora
743 1387 831 1446 ponto.

213 1447 279 1501 Sunt
292 1446 359 1500 mihi
371 1446 414 1500 bis
424 1454 530 1516 septem
542 1447 687 1516 praestanti
698 1463 807 1516 corpore
818 1445 973 1517 Nymphae,

213 1515 334 1574 Quarum
345 1533 416 1585 quae
429 1516 515 1569 forme
525 1514 706 1638 pulcherrirna
717 1517 845 1586 Deiopea,

214 1586 353 1640 Connubio
363 1585 472 1655 jungam
487 1594 528 1639 sta
548 1584 577 1638 ili
589 1586 775 1655 propriamque
788 1585 892 1655 dicabo,

214 1655 308 1710 Omnis
319 1663 348 1709 ut
361 1663 452 1708 tecum
465 1654 567 1707 meritis
579 1671 626 1724 pro
638 1655 737 1709 talibus
748 1672 832 1708 aunos

260 1726 321 1794 'get¹
334 1732 363 1777 et
373 1722 486 1794 pulchra
497 1722 578 1777 faciat
591 1733 618 1776 te
630 1724 703 1793 prole
715 1724 874 1795 parentem.²
1033 1725 1068 1776 75

275 1795 352 1847 eolus
363 1794 432 1847 haec
443 1802 550 1846 contre:
571 1793 668 1863 ιΤιιιιι,
681 1811 698 1847 o
710 1795 810 1863 regina,
823 1792 889 1863 quid
900 1799 985 1863 optes,

215 1862 362 1933 Explorate
373 1863 448 1916 labor
454 1879 463 1931 3
481 1861 549 1915 mibi
561 1861 635 1931 jussa
646 1879 788 1933 capessere
800 1862 842 1915 las
854 1870 904 1915 est.

213 1932 258 1986 Tu
269 1932 345 2003 mihi,
357 1931 547 2003 quodcumque
559 1931 610 1986 hoc
622 1932 705 2002 regni,
719 1942 747 1986 tu
759 1940 865 2002 sceptra
876 1931 1027 1999 lovemque

214 2002 355 2072 Ooucilias,
368 2010 399 2055 tu
409 2001 460 2054 das
470 2001 558 2080 epulis
568 2001 731 2055 accumbere
743 2001 842 2071 divom,

214 2071 430 2140 Nimborumque
442 2070 509 2124 lacis
521 2079 766 2141 tempestatumque
778 2069 934 2140 potentem!
1034 2070 1069 2121 8⁰

250 2141 326 2195 Haeo
337 2141 384 2195 ubi
395 2140 475 2210 diota,
488 2156 587 2193 cavum
598 2157 727 2194 conversa
738 2139 850 2209 cuspide
861 2145 984 2192 montem

214 2210 324 2280 Impulit
336 2211 363 2265 in
375 2210 459 2264 letus:
478 2225 511 2262 ac
523 2209 603 2278 renti,
617 2209 691 2263 velut
702 2209 810 2277 agmine
823 2209 903 2278 sacto,

213 2280 274 2340 Qua
285 2280 349 2334 date
360 2288 443 2350 ports,
455 2286 535 2332 ruunt
546 2285 574 2332 et
586 2286 669 2332 terras
680 2278 786 2333 turbiue
798 2279 920 2348 perflant.

213 2348 365 2402 incubuere
377 2347 454 2415 mari,
466 2356 606 2418 totumque
618 2366 634 2400 a
647 2348 757 2402 sedibus
768 2347 831 2402 imis

214 2418 277 2473 Una
288 2418 430 2487 Eumsque
442 2418 583 2486 Notusque
596 2425 675 2470 ruunt
686 2418 834 2487 creberque
846 2414 970 2485 procellis
1033 2416 1069 2467 85

173 2548 212 2595 ol.
229 2544 321 2594 Moles
330 2553 352 2593 et
361 2553 451 2593 montes
459 2559 471 2601 ,·
488 2542 628 2603 equivslsut
640 2553 666 2591 to
676 2542 767 2591 molem
782 2541 911 2590 montium.
933 2538 1048 2608 ‘insuper
1054 2555 1067 2596 ,·

141 2620 230 2667 oemiy
246 2603 389 2673 equivalent
405 2612 432 2672 to
453 2600 764 2671 rupee-673Novigatj
786 2601 847 2649 used
864 2598 1032 2658 transitively3
1054 2614 1070 2647 a

142 2664 255 2734 poetical¹
261 2662 363 2720 boenes,
370 2661 451 2711 which
462 2676 548 2710 occurs
561 2660 614 2710 also
624 2677 650 2709 ιιι
660 2659 789 2710 rhetorical
799 2675 879 2719 prose,
893 2673 1006 2712 common
1016 2656 1070 2709 also

142 2739 170 2773 m
180 2723 321 2784 Euml-
403 2779 457 2820 ‘She
465 2779 519 2820 soils
528 2778 564 2819 the
573 2779 643 2819 alitia}
651 2779 815 2830 opacet-Pom.

140 2868 220 2914 ..68.
238 2863 329 2920 Victor,
339 2864 445 2912 because
455 2861 549 2925 unable
554 2870 580 2909 to
589 2860 678 2910 defend
689 2860 765 2921 Troy.
775 2883 806 2892 -
813 2862 851 2908 73.
865 2857 995 2906 connubio.
1012 2854 1068 2905 Tha

141 2924 259 2974 seconde
278 2923 352 2971 llable
368 2937 450 2971 seems
465 2921 559 2981 always
575 2920 615 2969 lou
634 2956 640 2968 .
673 2920 816 2968 Pronounce
833 2917 891 2965 here
906 2917 1026 2977 mathye
1041 2930 1069 2963 ss

139 2984 214 3033 three
230 2939 358 3044 syilsbles.
390 2979 470 3042 Virgil
485 2979 594 3040 displays
611 2936 764 3046 throughout¹
804 2985 844 3025 eut
860 2973 1005 3042 knowledge
1022 2971 1076 3043 qud.

140 3044 296 3092 observance
307 3039 336 3088 oi
348 3039 445 3089 Roman
456 3039 532 3087 forms
543 3037 591 3087 und
600 3054 701 3099 usages,
713 3038 767 3086 bosi
780 3052 811 3105 ¹es
827 3034 1071 3103 much-antiquariae

140 3100 266 3152 researeh.
300 3098 338 3148 Of
354 3099 396 3146 the
413 3098 511 3154 former,
523 3112 562 3146 we
579 3097 641 3146 have
658 3097 716 3145 here
732 3111 763 3144 au
778 3103 888 3163 iustaque
905 3093 1068 3160 remansero,

141 3160 227 3210 which
237 3174 290 3208 was
301 3158 344 3207 the
355 3157 478 3207 techuieal
489 3166 551 3206 term
562 3156 599 3204 sor
609 3172 624 3205 a
634 3156 752 3215 marriage
769 3153 833 3214 legal
849 3168 874 3200 ru
889 3151 922 3200 all
938 3160 976 3219 its
986 3149 1068 3218 condr-

141 3221 305 3270 tione-78o
325 3217 436 3277 Observe
452 3216 550 3264 theom
568 3215 634 3264 hesis
650 3213 750 3263 derived
765 3213 828 3261 from
842 3211 884 3259 the
900 3219 1029 3270 repetition
1039 3206 1069 3256 ol'

140 3281 266 3330 aru-82⁴
282 3275 315 3326 In
326 3278 400 3332 latur,
416 3280 462 3324 ‘on
478 3276 511 3344 its
527 3231 599 3332 side,²
611 3289 640 3322 or
653 3278 768 3342 ‘everen
782 3272 814 3320 its
829 3269 985 3319 side.'-83.
1004 3264 1070 3344 Cfrr·

141 3348 205 3388 trost
222 3345 301 3386 munt
319 3334 440 3383 intremit.
455 3334 518 3382 with
534 3342 610 3382 ruunt
626 3341 731 3388 transm,
747 3346 771 3379 v.
789 3333 827 3378 85.
859 3328 906 3376 See
923 3326 976 3374 also
991 3340 1015 3373 v.
1031 3327 1069 3391 li?-

140 3399 268 3459 Compars
284 3395 336 3445 this
351 3393 500 3454 description
515 3391 544 3442 oi
555 3409 570 3443 a
580 3402 658 3442 storm
668 3400 693 3440 et
704 3405 747 3440 see
757 3389 818 3439 with
834 3386 944 3441 another,
958 3383 1021 3431 Aen.
1035 3395 1069 3428 ιιι.

141 3459 197 3510 194.
