2282 3790
506 119 666 162 ΑΒΝΙΙΜΙ.

191 246 336 303 Mortsiern
348 247 504 301 hierna&
516 247 619 301 lumina
629 262 742 314 surgen
751 246 809 301 vita

190 316 204 370 1
265 324 429 386 repertorem
439 317 592 371 medianae
602 317 664 370 tuiis
675 324 703 368 et
713 317 781 369 artis

215 385 317 438 uiraim
327 386 530 454 Phoebigenam
540 386 647 455 Stygiae
656 385 771 439 detrusit
780 385 816 438 sd
830 384 926 440 undas.

190 456 227 508 At
239 454 331 507 Trivia
342 456 517 525 Hippoiyturn
528 456 639 507 moretis
649 455 723 507 aima
733 454 854 521 recondit

190 523 313 590 Sedibus,
324 533 353 578 et
366 525 503 595 nymph„
514 525 627 592 Egeriae
639 525 796 593 nemorique
808 524 918 594 relegat,
991 527 1042 581 775

190 592 267 646 Solus
279 592 324 647 uhi
336 594 363 646 in
373 593 452 647 silvis
461 593 537 646 Italis
548 592 672 661 igrrohiiis
682 609 783 647 aevum

189 663 239 716 Exi
260 672 326 731 eret,
336 678 469 732 versoque
482 662 527 716 ubi
538 663 646 715 nornine
657 662 772 715 Verhius
784 671 866 715 esset.
924 667 926 672 ’

189 680 268 784 usage
280 733 363 785 etiarn
376 731 478 800 templo
488 732 594 784 Triviae
605 731 728 809 lucisque
739 733 850 784 renatis

189 799 352 868 Cornipedes
361 809 487 854 aroentnr
495 801 569 870 equi,
578 800 651 922 quod
663 799 739 852 litore
750 816 859 853 eurtum

189 868 225 922 Et
241 868 370 938 juvenem
382 870 508 922 monstris
518 871 579 939 paui
599 871 607 922 i
619 868 740 923 effudere
752 870 874 922 marinis.
989 873 1042 924 700

187 936 272 991 Filios
282 938 409 992 ardentes
421 938 493 992 haud
504 939 595 992 senius
605 954 723 1006 aequore
733 938 824 1006 campi

187 1006 342 1061 Exercebat
351 1023 437 1076 equos
446 1024 580 1077 eurruque
591 1008 619 1060 in
631 1006 706 1060 bella
717 1007 825 1065 rnaben·

222 1077 283 1146 Ipse
296 1077 364 1129 inter
374 1079 474 1146 primos
486 1077 629 1146 praestanti
640 1091 749 1144 corpore
760 1077 867 1129 Turnus

186 1145 306 1200 Vertitur
316 1162 393 1199 arma
404 1157 507 1215 tenens,
520 1155 549 1199 et
560 1155 615 1198 toto
625 1147 727 1198 vertice
738 1162 819 1214 supra
828 1154 879 1199 een
999 1183 1003 1187 -
1119 1184 1120 1209 i

187 1215 236 1267 Cui
249 1215 343 1284 tripiici
354 1215 456 1268 erinsts
472 1215 537 1286 juba
547 1215 626 1284 galea
638 1214 693 1267 alta
704 1212 875 1268 Chimaeram
988 1219 1043 1269 tus
1119 1214 1120 1227 ¹

187 1283 312 1352 Sustinet,
325 1287 461 1338 Aetnaeos
471 1285 612 1338 efflantem
623 1284 751 1337 faucibus
759 1285 835 1352 ignis,

186 1353 256 1405 Tam
268 1354 355 1421 magis
366 1353 412 1406 illa
424 1354 543 1407 fremens
553 1362 581 1406 et
593 1353 714 1406 tristibus
724 1352 810 1406 effera
821 1352 950 1423 flammis,

186 1421 274 1479 Quam
287 1423 374 1490 magis
385 1423 473 1476 effuso
484 1422 644 1475 crudescunt
656 1422 784 1490 sanguine
795 1438 912 1491 pugnae.

186 1494 222 1543 At
235 1490 325 1543 ierem
336 1491 454 1559 elipeum
467 1491 580 1545 sublatis
589 1491 714 1545 eornibus
725 1491 753 1543 lo

186 1562 258 1613 Auro
270 1560 420 1630 insignibat,
433 1561 491 1631 jam
502 1562 569 1614 setis
578 1560 672 1629 obsita,
684 1560 740 1630 jam
752 1559 809 1624 hos,
988 1564 1040 1615 700

187 1631 382 1696 Argumentum
395 1631 473 1699 ingen
509 1638 538 1681 et
548 1638 639 1682 eustos
651 1629 759 1697 virginis
766 1630 863 1697 Argus,

187 1697 349 1767 Caelataque
360 1716 468 1752 amnem
475 1647 599 1752 ⁵fundens
608 1707 685 1768 peter
696 1697 812 1750 inachus
823 1713 899 1750 urna.

187 1767 340 1846 Insequitur
351 1768 460 1821 nimbus
471 1768 601 1837 peditum,
614 1767 785 1836 clipeataque
797 1766 860 1819 totis

187 1837 305 1904 Agmina
316 1835 462 1889 densentur
473 1837 584 1905 eampis,
598 1837 750 1904 Argivaque
763 1835 849 1904 pubes

187 1906 386 1974 Auruncaeque
398 1922 501 1975 manus,
514 1905 606 1958 Rutuli
619 1915 778 1973 veteresque
789 1904 879 1957 Sicani
991 1909 1045 1958 700

189 1973 223 2026 Et
235 1973 366 2027 haerenae
378 1975 452 2027 seies
461 1984 490 2026 et
503 1975 568 2042 pioti
580 1983 658 2027 sente
668 1974 777 2040 Lahiei3

188 2040 241 2099 Qui
253 2044 343 2111 saltus,
357 2044 491 2112 Tiberine,
505 2053 573 2110 tues,
585 2059 746 2111 suorumque
757 2041 868 2095 Nurnioi

190 2112 266 2165 Litus
276 2122 358 2181 arant,
374 2111 538 2181 Rutulosque
549 2122 675 2164 exercent
688 2127 796 2164 vernae
807 2111 892 2178 eoiiis,

189 2180 383 2250 Circaeumque
393 2181 496 2250 jugum,
509 2181 569 2250 quis
579 2181 683 2248 Jupiter
694 2183 820 2234 Anxurus
830 2180 904 2233 arvis

189 2249 335 2319 Praesidet,
348 2258 375 2304 et
387 2251 464 2303 viridi
475 2249 597 2319 gaudens
609 2249 721 2302 Feronia
732 2250 793 2303 luco
800 2265 809 2318 3
993 2253 1047 2303 800

189 2319 250 2376 Qua
261 2319 371 2372 Saturae
383 2320 454 2390 jaon
465 2319 620 2388 stapulas,
632 2318 792 2387 gelidusque
803 2334 850 2387 per
862 2317 935 2371 imas

190 2389 299 2445 Quaerit
312 2390 362 2441 iter
374 2389 453 2441 valiis
462 2399 544 2457 atque
556 2389 583 2439 in
596 2404 672 2459 unare
683 2388 805 2440 eonditur
817 2386 913 2440 Ufens.

223 2457 279 2509 Hos
290 2458 491 2527 superadvenit
503 2457 600 2510 Voteoa
609 2457 646 2508 de
657 2465 740 2525 gente
750 2456 873 2525 Camilla,

188 2528 296 2593 Aguren
308 2543 391 2594 agens
402 2527 527 2595 equitnm
540 2534 567 2578 et
579 2526 697 2578 florentie
708 2540 771 2578 aare
782 2534 914 2594 catervas,

189 2592 323 2664 Beliatrix‚
335 2612 389 2648 non
401 2597 445 2649 illa
457 2597 516 2649 eolo
527 2594 675 2648 eahthiese
687 2595 828 2648 Minervae
994 2598 1049 2648 800

189 2663 335 2717 Femineas
344 2675 455 2717 assueta
465 2681 570 2732 manus,
583 2664 632 2716 aed
643 2663 745 2733 proelia
757 2664 831 2731 virgo

189 2732 263 2785 Dure
274 2734 328 2801 pati
341 2749 474 2802 cursuque
486 2734 585 2802 mium
599 2742 769 2801 praevertere
782 2738 885 2785 ventos.

189 2801 238 2855 Illa
249 2801 294 2854 vel
307 2803 535 2871 intaetaeeegetis
547 2819 595 2871 per
607 2817 715 2854 sumina
727 2801 827 2854 volaret

149 2930 203 2976 773.
219 2925 307 2974 Pion·
325 2943 400 2982 mum,
413 2926 683 2984 Aesculapius-785.
702 2925 855 2972 Chuuaerum.
895 2924 944 2972 See
967 2933 993 2972 st
1014 2924 1050 2972 vi.

120 2989 174 3034 286.
183 3008 214 3019 -
222 2987 276 3035 786.
315 2994 416 3033 enasor.
448 2985 496 3032 See
513 2995 537 3032 ut
549 2983 597 3031 viii.
609 2985 759 3032 ile-789.
772 2980 806 3038 Io,
820 2982 942 3050 daughter
952 2982 983 3030 of
989 2982 1049 3031 Ina·

120 3046 176 3092 chus
194 3051 245 3099 (see
263 3054 287 3091 at
302 3047 365 3100 286),
385 3043 487 3091 beloved
505 3046 538 3102 by
554 3042 659 3100 Jupiter,
679 3041 725 3089 and
743 3041 853 3100 changed
871 3051 924 3089 into
945 3057 960 3088 a
981 3056 1048 3110 eous,

121 3100 225 3161 through
234 3101 285 3148 seur
293 3102 322 3150 of
328 3103 343 3150 J
346 3104 418 3149 uno'e
427 3103 546 3162 jealeuey.
572 3101 638 3148 June
649 3101 744 3160 begged
755 3100 797 3147 the
805 3115 858 3148 eow
867 3100 1050 3159 hemionion,

121 3158 168 3202 and
183 3169 222 3204 set
238 3161 330 3217 Argus,
346 3161 387 3207 the
404 3159 597 3218 hundred-eyed,
615 3170 640 3206 to
655 3160 735 3207 wateh
751 3159 802 3206 her.
833 3158 884 3207 For
898 3159 943 3206 the
957 3174 1052 3208 ream

119 3211 389 3316 {qqyffssaemffdpn
400 3218 438 3266 his
449 3218 527 3265 shield
538 3218 580 3266 the
591 3218 684 3286 Argiva
696 3216 785 3286 iegend
795 3224 992 3284 (argumentum),
1005 3233 1052 3267 see

122 3276 951 3408 inu.-nunuutatuutntturuintt
973 3277 1042 3339 ‘²²¹⁸
