2282 3790
512 243 676 287 sertum.
714 216 730 241 ⁸

201 373 262 427 Nec
272 372 416 442 quisquam
426 378 535 427 serum
544 371 619 425 scies
630 371 785 439 amatas
796 376 869 427 unta

201 441 314 495 Misceri
326 449 409 510 putet,
422 441 522 495 seriem
535 439 583 493 sed
594 441 697 508 gurgite
708 441 745 494 ab
755 440 811 495 alto

201 511 315 577 Urgueri
328 515 466 564 voluerum
479 527 619 563 raucarum
631 511 666 562 ad
679 509 756 563 litora
767 509 878 563 nubem.
995 510 1040 561 ill

238 581 317 647 Ecce,
331 579 488 633 Sabinarum
500 579 585 648 prisco
596 578 631 632 de
644 580 781 646 sanguine,
794 594 923 646 magam

201 651 308 716 Agmen
320 664 405 716 agene
416 649 537 716 Clausus,
551 648 694 715 magnique
706 648 764 716 ipse
776 647 892 716 agminis
903 648 988 716 instar,

201 717 314 771 Claudia
326 734 396 770 nunc
407 735 425 769 a
436 734 488 787 quo
499 716 655 771 diffunditur
666 726 694 770 et
707 718 791 771 tribus
801 725 828 770 et
839 733 908 784 gens

202 787 253 840 Per
265 787 379 854 Latium,
394 798 533 856 postquam
547 786 573 838 in
586 794 690 855 partem
702 786 766 841 tiata
777 787 863 841 Roma
874 784 983 841 Sabinis

201 854 262 908 Une
274 856 368 922 ingens
379 855 520 908 Amiterna
530 854 625 907 cohors
637 856 770 923 priscique
782 854 907 925 Quirites,
996 856 1043 907 tto

201 924 276 977 Ereti
290 940 387 977 manus
398 925 486 977 omnis
496 923 689 992 oliviferaeque
702 924 845 977 Mutuscae
852 939 861 992 3

201 992 253 1051 Qui
265 994 431 1046 Nomentum
443 993 546 1060 urbem,
558 993 605 1061 qui
617 994 703 1047 Rosea
716 1010 776 1049 rura
788 991 884 1060 Velini,

200 1061 252 1119 Qui
262 1061 386 1114 Tetricus
398 1062 529 1115 horrentis
540 1078 619 1129 rupes
632 1071 748 1117 montem
771 1080 805 1114 ue
818 1062 947 1117 severum

201 1131 411 1198 Casperiamque
420 1131 518 1199 colunt,
531 1130 695 1200 Forulosque
706 1140 733 1183 et
746 1080 849 1185 damen
861 1130 1005 1185 Himellae:

201 1199 252 1258 Qui
265 1198 384 1252 Tiberim
396 1200 575 1269 Fabarimque
587 1199 691 1266 bibunt,
702 1217 772 1268 quos
783 1199 879 1267 frigida
890 1200 963 1253 misit
997 1200 1045 1252 tlt

202 1269 307 1337 Nursia,
320 1279 347 1322 et
360 1269 486 1322 Horueee
499 1269 601 1323 classes
611 1269 756 1338 populique
770 1269 872 1336 Latinij

203 1338 331 1407 Quosque
343 1354 438 1391 secans
448 1337 596 1393 inlatrstutu
609 1338 726 1391 interluit
737 1337 810 1393 Allia
821 1352 936 1391 nomen:

203 1406 290 1465 Quam
303 1407 379 1460 multi
392 1407 492 1476 Libyco
504 1407 644 1460 volvuntur
656 1424 788 1459 marmore
800 1406 906 1478 fluctus,

202 1476 305 1529 Saevus
317 1476 363 1529 abi
375 1476 452 1529 Orion
467 1477 584 1531 hibernis
594 1477 717 1529 conditur
728 1476 808 1533 undis
814 1493 823 1544 3

202 1544 253 1596 Vel
265 1562 329 1598 cum
338 1545 395 1597 sole
406 1562 475 1599 trava
487 1546 587 1599 (terreae
600 1554 729 1599 torrentur
740 1546 847 1614 aristae,
999 1547 1051 1596 ‘teu
1120 1560 1121 1597 t

202 1615 258 1665 Aut
269 1613 362 1681 Hermi
374 1630 478 1682 campo,
491 1625 537 1667 aut
547 1614 650 1682 Lyciae
660 1615 822 1667 flaventibus
833 1613 913 1666 arnis.
1120 1620 1121 1623 ’

202 1681 284 1735 Scuta
295 1691 396 1749 sonant,
410 1684 544 1752 pulsuque
555 1683 657 1752 pedum
670 1684 762 1737 tremit.
770 1685 859 1736 excite
871 1682 964 1735 tellus.

238 1751 556 1818 Hincilgamemuonius,
570 1751 676 1821 Trejeni
690 1751 804 1806 uominis
816 1751 908 1820 hastis,

203 1820 287 1872 Curru
297 1819 384 1890 jungit
396 1821 528 1875 Halaesus
540 1838 630 1889 equos,
643 1822 715 1874 Turn
751 1838 785 1875 ue
799 1821 897 1874 ferocis

203 1889 283 1942 Mille
297 1891 363 1958 rapit
375 1891 495 1958 populos,
508 1894 613 1945 vertunt
626 1889 717 1942 felicia
750 1890 834 1945 accho
1005 1891 1057 1943 '12⁵
1120 1894 1121 1931 l

202 1957 322 2011 Massica
334 1961 379 2027 qui
394 1960 489 2028 rastris,
502 1968 528 2012 et
541 1976 608 2026 quos
619 1959 654 2011 de
667 1958 781 2017 eallibus
791 1959 853 2013 atris

203 2029 325 2081 Aurunci
336 2030 434 2080 misere
445 2040 534 2097 patres
545 2028 715 2096 Sidicinaque
726 2027 803 2097 juxta

156 2138 163 2151 .
203 2099 337 2164 Aequore,
349 2098 449 2167 quique
461 2096 540 2150 Cales
551 2097 679 2165 linquunt,
693 2096 833 2165 amnisque
845 2093 941 2149 vadosi

203 2165 305 2218 Accola
316 2165 447 2234 Vulturni,
462 2166 612 2235 pariterque
624 2165 757 2219 Saticulus
766 2183 799 2218 es
835 2181 846 2217 r

1120 1308 1122 1347 l

204 2233 330 2286 Oscorum
353 2250 387 2286 ue
399 2252 503 2289 manus,
539 2235 652 2289 Teretes
663 2245 724 2290 sunt
735 2233 795 2303 acly
816 2251 847 2285 es
859 2232 914 2287 illis
1010 2235 1061 2286 730

204 2300 289 2371 Teis3
305 2251 355 2356 sed
367 2302 436 2357 haec
447 2302 519 2357 lento
530 2320 590 2357 mos
601 2312 643 2356 est
654 2313 748 2374 aptare
758 2302 874 2370 flagella.

205 2371 308 2425 Laenas
319 2382 410 2425 caetra
422 2374 502 2452 tegit3
520 2373 610 2425 falcati
622 2375 773 2427 comminus
784 2389 872 2424 enses.

238 2441 337 2495 Necttr
350 2442 514 2497 carminibus
525 2443 621 2495 nostris
631 2443 746 2496 indictus
756 2440 852 2509 abibis,

203 2510 313 2580 orbate,
326 2528 407 2579 quern
420 2527 565 2579 generasse
577 2512 660 2567 Telon
673 2509 817 2571 Sebethide
831 2507 956 2579 nympha
1120 2560 1121 2581 3

204 2578 307 2647 Fertur,
321 2580 469 2634 Teleboum
482 2581 598 2649 Capreas
609 2597 674 2635 oum
687 2597 769 2648 regua
781 2586 892 2649 teneret,
1014 2579 1064 2631 ret

206 2648 267 2702 Jern
280 2649 368 2702 senior
374 2665 383 2718 ς
401 2650 493 2719 patriis
505 2649 554 2703 sed
565 2665 618 2705 nen
628 2658 657 2703 et
668 2649 740 2702 filius
750 2648 824 2701 ervia

142 2766 195 2774 -ι--

162 2821 215 2869 705.
233 2818 377 2867 Raucaram.
410 2819 458 2866 See
474 2828 499 2866 at
515 2819 690 2868 heae-tto.
709 2817 897 2876 Aningenious
913 2832 961 2865 use
979 2814 1067 2865 ofthe
1120 2828 1121 2831 ’

133 2877 248 2926 tradition
259 2894 286 2925 re
317 2877 388 2938 rding
398 2877 440 2924 the
448 2878 483 2925 eri
503 2878 527 2925 'n
536 2877 567 2925 el
573 2877 616 2925 the
624 2875 763 2927 celebrated
774 2891 836 2936 gene
847 2875 1066 2925 cuasa-‘tta

135 2937 222 2993 Rusca,
236 2937 277 2984 tire
298 2937 368 2984 ertile
379 2946 478 2996 pastura
514 2937 559 2984 nde
572 2936 596 2984 in
607 2935 650 2985 tlte
667 2934 868 2996 neighbourhood
883 2933 914 2982 oi
926 2934 1024 2989 Recte,
1037 2946 1067 2981 so

134 2995 212 3044 called
224 2997 285 3044 from
296 2995 338 3043 the
350 2995 449 3054 copious
465 2995 534 3042 dews
550 2995 602 3042 thet
618 2994 734 3043 enriched
744 2993 786 3042 the
798 2992 900 3054 ground.
935 2993 1066 3052 Compar·

134 3055 194 3102 with
207 3056 279 3110 resec,
295 3069 318 3102 x.
331 3058 451 3103 5.-710,
470 3053 554 3101 Orion.
587 3052 634 3101 See
650 3063 675 3099 at
687 3052 702 3100 i.
714 3055 864 3101 eea-721.
882 3051 981 3101 Hermi.
1016 3051 1065 3098 See

133 3123 157 3160 st
178 3113 263 3174 Georg.
281 3114 305 3161 ii.
324 3116 375 3162 136.
406 3112 502 3173 βείω.
534 3113 581 3160 See
601 3121 625 3159 et
646 3111 678 3160 iv.
697 3114 842 3160 tta-722.
861 3111 910 3159 See
930 3127 946 3158 s
967 3108 1066 3159 simitu
1120 3134 1121 3151 2

132 3185 245 3230 passage,
258 3172 299 3219 sii.
311 3175 364 3218 445.
398 3130 490 3219 Otlrcrs
501 3170 559 3219 read
567 3174 654 3232 pedam
663 3171 793 3221 conterrita
804 3172 990 3220 tellas-729.
1011 3167 1064 3215 Ob·

133 3243 203 3273 serve
221 3231 262 3277 the
278 3229 420 3277 distinction
439 3232 553 3277 between
570 3231 656 3285 incola,
674 3244 689 3276 a
704 3228 806 3276 dweller
821 3232 857 3284 in,
876 3228 1033 3282 undescota,
1050 3238 1065 3270 1

133 3283 234 3330 divellar
245 3292 406 3351 pean-731.
423 3288 491 3335 Haeo
500 3288 653 3336 τῶι-735.
672 3288 728 3335 The
743 3286 853 3336 Teleboae
862 3287 912 3335 had
922 3281 1064 3347 emigrated

135 3337 196 3383 fram
207 3354 239 3385 an
250 3343 327 3409 island
343 3344 381 3391 off
393 3346 434 3393 the
445 3356 513 3394 coast
525 3346 553 3394 os
561 3346 700 3394 Acarnania
711 3356 737 3394 ta
751 3346 864 3408 Capreae,
878 3346 917 3394 off
929 3347 975 3394 the
993 3349 1063 3391 coast

133 3391 163 3437 of
175 3392 309 3451 Campamn
348 3402 429 3469 Telon
440 3403 504 3452 their
515 3404 575 3464 king
587 3420 638 3452 was
648 3405 702 3452 said
713 3415 738 3452 tc
749 3405 811 3454 have
822 3405 929 3455 married
939 3401 1061 3455 saeue,
1120 3436 1121 3455 r

121 3447 177 3495 21¹0
187 3453 279 3509 nymph
288 3456 316 3502 os
327 3467 369 3505 tae
381 3475 444 3508 river
455 3461 588 3520 Sebethus,
601 3463 627 3512 in
639 3463 782 3525 Campania„
