2308 3780
475 238 637 281 ΔΙΝΕΙῺΟΙ.

162 366 305 437 Sobnixus,
318 376 394 447 rapto
404 367 503 436 potitur
510 383 518 435 ;
535 383 586 420 nos
594 381 708 421 munera
720 364 831 436 templis
865 384 869 389 ·
943 400 948 413 ·

162 437 233 506 Quip
281 438 335 490 tuis
347 437 469 558 lerimup,
480 437 634 506 famamque
646 436 771 490 fovemus
783 433 910 490 inanem!

196 507 220 559 T
248 507 308 559 ibus
319 514 440 559 orantem
472 507 531 558 ictis
542 523 656 575 arasque
669 514 808 560 tenentem

161 575 255 630 Audiit
266 576 443 645 omnipotens,
456 575 517 630 ocul
566 593 600 629 ue
611 576 646 628 ad
659 577 766 631 moenia
778 575 852 629 torsit
966 577 1021 627 220

163 646 248 714 Regia
260 654 287 705 et
299 645 396 699 oblitos
408 646 497 699 lamae
509 662 554 698 me
566 645 628 699 ioris
638 645 764 699 amantis.

162 716 234 769 Tum
247 716 286 768 sic
298 716 464 769 Mercurium
476 714 618 783 alloquitur
629 731 663 767 ac
676 715 739 767 talia
749 712 875 768 mandat:

164 785 256 839 ‘Vade
267 801 326 854 age,
340 797 402 839 nate
425 801 492 837 voca
503 784 641 853 Zephyros
651 792 679 836 et
691 784 782 836 labere
793 782 898 853 pennis,

162 854 383 933 Dardaniumque
395 823 503 922 ducem,
517 853 597 923 Tyria
609 854 769 921 Carthagine
781 853 827 922 qui
838 868 911 917 nuuc

162 924 319 992 Exspectat,
332 924 449 992 latisque
461 922 539 975 datas
550 938 602 975 non
614 923 722 993 respicit
733 922 822 991 urbes,
964 923 1017 974 225

93 1028 98 1043 .
162 992 308 1061 Alloquere
321 1002 348 1045 et
360 992 458 1045 celeris
469 992 545 1045 delei
557 1009 620 1045 mea
631 992 704 1045 dicta
716 1008 763 1061 per
774 1008 864 1045 auras.

161 1063 222 1117 Non
235 1062 310 1115 illum
322 1061 400 1114 nobis
410 1063 535 1130 genetrix
545 1061 727 1130 pulcherrima
738 1061 823 1114 talem

161 1131 294 1199 Promisit,
308 1132 473 1210 Graiumque
485 1131 546 1183 ideo
558 1131 600 1184 his
611 1131 730 1185 vindicat
741 1130 838 1198 armis,

162 1201 215 1255 Sed
228 1201 293 1269 lore,
306 1201 353 1270 qui
364 1201 502 1269 gravidam
514 1201 636 1270 imperiis
647 1201 770 1270 belloque
783 1200 946 1254 frementem

162 1271 270 1325 Italiam
283 1283 393 1340 regeret,
404 1286 492 1339 genus
503 1269 727 1338 altcaeanguine
738 1269 837 1323 Teucri
965 1271 1017 1321 230

162 1340 297 1409 Proderet,
309 1357 343 1393 ac
355 1349 439 1394 totum
452 1339 502 1393 sub
514 1340 589 1408 leges
601 1341 722 1393 mitteret
730 1340 834 1394 orbem.

162 1411 189 1464 Si
201 1409 275 1464 nulle
285 1409 409 1462 accendit
422 1418 554 1462 tantorum
563 1410 651 1478 gloria
662 1426 759 1479 rerum,

161 1480 221 1533 Nec
233 1495 314 1547 super
324 1481 382 1548 ipse
394 1495 442 1531 sua
453 1478 561 1532 molitur
573 1479 654 1532 laude
665 1479 794 1548 laborem,

162 1548 315 1603 Ascanione
326 1557 402 1616 pater
413 1550 548 1602 Romanas
560 1549 662 1602 invidet
673 1549 771 1602 arcesl

162 1617 234 1676 Quid
246 1617 342 1670 struitl
360 1625 406 1670 aut
418 1634 473 1686 qua
484 1635 532 1688 spe
545 1618 654 1671 inimica
665 1618 693 1671 in
704 1626 785 1686 gente
797 1622 920 1685 moratur,
966 1619 1018 1669 235

161 1687 221 1741 Nec
233 1686 334 1756 prolem
347 1688 497 1740 Ausoniam
509 1696 538 1740 et
550 1688 662 1748 Lavinia
674 1689 781 1757 respicit
793 1686 876 1740 arval

161 1757 286 1824 Naviget.
324 1756 399 1808 Haec
412 1773 520 1810 summa
532 1766 588 1822 est;
607 1757 651 1810 hic
664 1758 744 1810 nostri
756 1757 865 1811 nuntius
877 1754 955 1808 esto!

198 1826 316 1879 Dixerat.
354 1825 401 1878 llle
414 1827 496 1894 patris
509 1826 599 1895 magni
612 1843 706 1896 parere
718 1826 830 1896 parabat

162 1895 278 1964 Imperio
285 1911 293 1965 3
311 1903 339 1947 et
351 1895 468 1964 primum
482 1897 595 1966 pedibus
607 1896 700 1948 talaria
715 1896 806 1965 nectit,

162 1968 262 2033 Aurea,
275 1981 346 2033 quae
359 1964 504 2019 sublimem
517 1967 574 2034 alis,
589 1966 647 2018 sive
659 1982 777 2035 aequora
788 1981 869 2034 supra
967 1970 1022 2020 24⁰

163 2033 215 2088 seu
232 2044 340 2100 terram,
355 2034 446 2103 rapido
457 2035 555 2103 pariter
567 2052 631 2088 cum
643 2036 753 2089 flamine
766 2043 887 2104 portam3

163 2104 234 2156 Turn
247 2105 349 2171 virgam
362 2104 449 2173 capit,
468 2103 520 2158 hac
531 2105 637 2158 animas
648 2104 694 2158 ille
706 2114 802 2158 evocat
813 2105 881 2158 Orco

163 2172 299 2242 Pallentis,
311 2173 379 2225 alias
392 2173 443 2227 sub
454 2174 565 2227 Tartara
577 2174 662 2227 tristia
675 2174 763 2243 mittit,

163 2243 214 2295 Dat
227 2259 335 2295 somnos
346 2241 503 2313 adimitque,
516 2251 544 2297 et
555 2242 658 2297 lumina
670 2252 756 2297 morte
769 2243 894 2312 resignat.

163 2311 213 2365 Illa
225 2310 310 2365 fretus
321 2312 376 2380 egit
388 2322 490 2382 ventos,
504 2321 531 2366 et
544 2312 649 2366 turbida
662 2320 748 2366 tranat
966 2318 1022 2369 245

162 2381 189 2435 N
191 2380 280 2450 ubila,
291 2381 409 2503 jamque
421 2382 515 2436 volans
525 2383 630 2452 apicem
643 2393 671 2436 et
682 2383 767 2435 latera
777 2381 861 2436 ardua
872 2381 959 2437 cernit

162 2449 280 2504 Atlantis
310 2452 357 2521 uri,
371 2451 477 2505 coelum
490 2453 536 2522 qui
551 2453 650 2506 vertice
662 2451 739 2505 fulcit
747 2467 756 2522 3
799 2503 802 2507 ,

122 2599 176 2646 217.
192 2594 300 2645 Petitur.
333 2595 380 2644 See
392 2597 425 2645 iii.
437 2600 572 2645 fid-aze.
589 2597 643 2646 Bis.
676 2597 745 2645 Once
757 2597 819 2646 from
830 2597 958 2656 Diomede,
970 2601 1023 2650 and

92 2669 164 2762 ῗαιη
185 2654 248 2703 from
268 2655 311 2703 the
331 2656 463 2704 victorious
481 2656 587 2712 Greeks,
608 2656 681 2705 when
698 2657 758 2717 they
774 2657 833 2704 took
844 2656 1022 2717 Troy-230.

117 2715 189 2763 eueri.
213 2714 260 2762 See
270 2714 285 2762 i.
294 2718 348 2770 235,
359 2718 508 2764 eun-231.
524 2715 649 2772 Proderet,
661 2715 942 2765 transmitteres-235.
959 2717 1021 2781 Spe,

92 2772 309 2841 unslided.-236.
326 2773 468 2823 Ausoniam.
501 2775 548 2822 See
558 2790 582 2843 p.
596 2778 648 2831 180,
661 2775 709 2822 line
721 2778 743 2823 5.
775 2774 890 2824 Moinie.
925 2776 974 2824 See

94 2835 146 2889 123,
159 2832 208 2880 line
219 2835 338 2880 9.-238.
355 2832 465 2881 Dixerat.
497 2834 545 2882 See
557 2850 580 2881 n.
592 2837 741 2882 ouh-242.
763 2833 871 2903 Virgine,
890 2834 932 2883 the
948 2793 1023 2886 welh

93 2889 185 2940 known
196 2892 317 2940 caducens
333 2891 362 2939 cf
374 2891 499 2952 Mercury,
512 2893 572 2941 with
588 2893 667 2954 wings
683 2893 729 2941 and
745 2901 881 2955 entwrmng
896 2906 1014 2953 serpente

97 2948 165 2998 Orco.
193 2951 277 3019 Seeat
288 2951 313 2999 ii
325 2954 378 2999 398.
404 2951 471 2999 Here
483 2952 524 2999 the
535 2952 632 3058 relpions
641 2951 670 3020 ol
678 2952 766 3020 Orcus.
775 2954 863 3000 -ele
880 2953 941 3002 Res'
957 2972 1025 3026 paee

92 3009 219 3069 generally
230 3009 340 3071 srgmfies
357 3019 383 3058 to
402 3010 520 3078 {unseal.’
579 3027 638 3059 enee
657 3022 676 3058 tt
693 3027 714 3060 rs
734 3011 858 3071 supposed
873 3011 926 3061 that
961 3016 1024 3076 irgrl

92 3080 178 3113 means
188 3068 255 3133 here,
271 3068 350 3117 ‘srees
361 3069 425 3117 their
435 3084 495 3129 eyes
503 3071 571 3138 frum
581 3070 664 3139 death,
677 3078 783 3119 restores
794 3080 820 3119 tc
831 3070 889 3119 life!
923 3071 1025 3124 Others

92 3127 1027 3243 irinininzrnlnnlninii‘hnnnltnnidnil

93 3235 220 3336 laspppelg
229 3242 303 3297 again
319 3243 344 3289 in
359 3201 440 3312 death
450 3245 491 3312 the
508 3260 567 3305 eyes
579 3246 659 3295 which
671 3203 702 3295 he
713 3247 758 3296 has
769 3248 871 3306 opened.
923 3224 951 3297 ee
962 3254 1028 3305 438.

93 3301 849 3416 a·nintrturannullareturln
865 3306 1028 3418 tlt-“nn

94 3402 151 3450 The
162 3407 287 3471 mountain
297 3424 371 3480 range
381 3393 425 3462 'on'
433 3418 474 3466 the
485 3397 629 3471 west'coast
640 3401 669 3472 cf
675 3383 808 3474 Asddulho
824 3383 905 3478 needed
920 3383 946 3476 id
958 3375 1030 3480 laede

93 3459 248 3531 personified.
284 3464 383 3519 Vertwe.
416 3474 656 3541 Campanianum,
673 3487 729 3544 482,
747 3484 796 3536 und
813 3485 928 3537 rihtet.
959 3486 1032 3545 Tlie
