<?xml version="1.0" encoding="UTF-8"?>
<!DOCTYPE html PUBLIC "-//W3C//DTD XHTML 1.0 Transitional//EN"
    "http://www.w3.org/TR/xhtml1/DTD/xhtml1-transitional.dtd">
<html xmlns="http://www.w3.org/1999/xhtml" xml:lang="en" lang="en">
 <head>
  <title>
</title>
<meta http-equiv="Content-Type" content="text/html;charset=utf-8" />
  <meta name='ocr-system' content='tesseract 3.04.00' />
  <meta name='ocr-capabilities' content='ocr_page ocr_carea ocr_par ocr_line ocrx_word'/>
</head>
<body>
  <div class='ocr_page' id='page_1' title='image "./carmina01virggoog_0414.png"; bbox 0 0 2242 3826; ppageno 0'>
   <div class='ocr_carea' id='block_1_1' title="bbox 486 92 1024 170">
    <p class='ocr_par' dir='ltr' id='par_1_1' title="bbox 486 92 1024 170">
     <span class='ocr_line' id='line_1_1' title="bbox 486 92 1024 170; baseline -0.006 -1"><span class='ocrx_word' id='word_1_1' title='bbox 486 129 579 170; x_wconf 80' lang='lat' dir='ltr'>ursan</span> <span class='ocrx_word' id='word_1_2' title='bbox 598 100 639 170; x_wconf 60' lang='lat' dir='ltr'>xr.⁸</span> <span class='ocrx_word' id='word_1_3' title='bbox 965 92 1024 166; x_wconf 64' lang='lat'>890</span> 
     </span>
    </p>
   </div>
   <div class='ocr_carea' id='block_1_2' title="bbox 172 255 1030 2746">
    <p class='ocr_par' dir='ltr' id='par_1_2' title="bbox 172 255 769 327">
     <span class='ocr_line' id='line_1_2' title="bbox 172 255 769 327; baseline -0.003 -15"><span class='ocrx_word' id='word_1_4' title='bbox 172 255 293 312; x_wconf 84' lang='lat' dir='ltr'>Inclusus</span> <span class='ocrx_word' id='word_1_5' title='bbox 304 256 390 311; x_wconf 89' lang='lat' dir='ltr'>muris</span> <span class='ocrx_word' id='word_1_6' title='bbox 403 256 544 327; x_wconf 81' lang='lat' dir='ltr'>hostilique</span> <span class='ocrx_word' id='word_1_7' title='bbox 557 275 655 326; x_wconf 77' lang='lat' dir='ltr'>aggere</span> <span class='ocrx_word' id='word_1_8' title='bbox 668 262 769 326; x_wconf 90' lang='lat' dir='ltr'>septus.</span> 
     </span>
    </p>

    <p class='ocr_par' dir='ltr' id='par_1_3' title="bbox 174 325 1027 535">
     <span class='ocr_line' id='line_1_3' title="bbox 174 325 975 396; baseline -0.009 -16"><span class='ocrx_word' id='word_1_9' title='bbox 174 327 220 380; x_wconf 89' lang='lat' dir='ltr'>“N</span> <span class='ocrx_word' id='word_1_10' title='bbox 223 326 277 378; x_wconf 86' lang='lat' dir='ltr'>ulla</span> <span class='ocrx_word' id='word_1_11' title='bbox 289 327 362 378; x_wconf 86' lang='lat' dir='ltr'>salus</span> <span class='ocrx_word' id='word_1_12' title='bbox 374 326 444 380; x_wconf 91' lang='lat' dir='ltr'>bello</span> <span class='ocrx_word' id='word_1_13' title='bbox 453 326 481 380; x_wconf 81' lang='lat'>!&#39;’</span> <span class='ocrx_word' id='word_1_14' title='bbox 519 327 605 396; x_wconf 84' lang='lat' dir='ltr'>Capiti</span> <span class='ocrx_word' id='word_1_15' title='bbox 616 344 683 379; x_wconf 89' lang='lat' dir='ltr'>cane</span> <span class='ocrx_word' id='word_1_16' title='bbox 696 326 767 395; x_wconf 83' lang='lat' dir='ltr'>talia,</span> <span class='ocrx_word' id='word_1_17' title='bbox 780 325 903 396; x_wconf 77' lang='lat' dir='ltr'>demens,</span> <span class='ocrx_word' id='word_1_18' title='bbox 970 368 975 373; x_wconf 89' lang='grc'><strong><em>,</em></strong></span> 
     </span>
     <span class='ocr_line' id='line_1_4' title="bbox 176 395 1027 465; baseline -0.002 -17"><span class='ocrx_word' id='word_1_19' title='bbox 176 395 305 449; x_wconf 85' lang='lat' dir='ltr'>Dardanio</span> <span class='ocrx_word' id='word_1_20' title='bbox 318 396 450 465; x_wconf 89' lang='lat' dir='ltr'>rebusque</span> <span class='ocrx_word' id='word_1_21' title='bbox 463 395 522 449; x_wconf 83' lang='lat' dir='ltr'>tuis.</span> <span class='ocrx_word' id='word_1_22' title='bbox 559 396 672 450; x_wconf 89' lang='lat' dir='ltr'>Proinde</span> <span class='ocrx_word' id='word_1_23' title='bbox 684 397 775 448; x_wconf 90' lang='lat' dir='ltr'>omnia</span> <span class='ocrx_word' id='word_1_24' title='bbox 789 411 886 464; x_wconf 86' lang='lat' dir='ltr'>magno</span> <span class='ocrx_word' id='word_1_25' title='bbox 941 397 1027 451; x_wconf 86' lang='grc'><strong>,400</strong></span> 
     </span>
     <span class='ocr_line' id='line_1_5' title="bbox 175 463 837 535; baseline -0.005 -17"><span class='ocrx_word' id='word_1_26' title='bbox 175 464 215 518; x_wconf 92' lang='lat' dir='ltr'>Ne</span> <span class='ocrx_word' id='word_1_27' title='bbox 227 481 306 518; x_wconf 83' lang='lat' dir='ltr'>cessa</span> <span class='ocrx_word' id='word_1_28' title='bbox 317 463 423 519; x_wconf 84' lang='lat' dir='ltr'>turbare</span> <span class='ocrx_word' id='word_1_29' title='bbox 435 475 519 535; x_wconf 82' lang='lat' dir='ltr'>metu,</span> <span class='ocrx_word' id='word_1_30' title='bbox 531 473 612 534; x_wconf 88' lang='lat' dir='ltr'>atque</span> <span class='ocrx_word' id='word_1_31' title='bbox 625 466 753 519; x_wconf 81' lang='lat' dir='ltr'>extollere</span> <span class='ocrx_word' id='word_1_32' title='bbox 765 466 837 518; x_wconf 86' lang='lat' dir='ltr'>vires</span> 
     </span>
    </p>

    <p class='ocr_par' dir='ltr' id='par_1_4' title="bbox 175 533 862 604">
     <span class='ocr_line' id='line_1_6' title="bbox 175 533 862 604; baseline 0 -18"><span class='ocrx_word' id='word_1_33' title='bbox 175 534 268 587; x_wconf 86' lang='lat' dir='ltr'>Gentis</span> <span class='ocrx_word' id='word_1_34' title='bbox 279 534 322 587; x_wconf 92' lang='lat' dir='ltr'>bis</span> <span class='ocrx_word' id='word_1_35' title='bbox 334 535 429 602; x_wconf 80' lang='lat' dir='ltr'>victae,</span> <span class='ocrx_word' id='word_1_36' title='bbox 442 545 532 587; x_wconf 87' lang='lat' dir='ltr'>contra</span> <span class='ocrx_word' id='word_1_37' title='bbox 544 552 666 604; x_wconf 78' lang='lat' dir='ltr'>premere</span> <span class='ocrx_word' id='word_1_38' title='bbox 678 551 753 587; x_wconf 86' lang='lat' dir='ltr'>arma</span> <span class='ocrx_word' id='word_1_39' title='bbox 766 533 862 587; x_wconf 79' lang='lat' dir='ltr'>Latini.</span> 
     </span>
    </p>

    <p class='ocr_par' dir='ltr' id='par_1_5' title="bbox 175 602 1025 742">
     <span class='ocr_line' id='line_1_7' title="bbox 176 602 1025 674; baseline -0.002 -18"><span class='ocrx_word' id='word_1_40' title='bbox 176 604 253 657; x_wconf 91' lang='lat' dir='ltr'>Nunc</span> <span class='ocrx_word' id='word_1_41' title='bbox 265 614 293 655; x_wconf 88' lang='lat' dir='ltr'>et</span> <span class='ocrx_word' id='word_1_42' title='bbox 304 604 505 674; x_wconf 78' lang='lat' dir='ltr'>Myrmidonum</span> <span class='ocrx_word' id='word_1_43' title='bbox 519 621 642 673; x_wconf 79' lang='lat' dir='ltr'><strong>proceres</strong></span> <span class='ocrx_word' id='word_1_44' title='bbox 653 603 769 674; x_wconf 81' lang='lat' dir='ltr'>Phrygia</span> <span class='ocrx_word' id='word_1_45' title='bbox 776 620 852 656; x_wconf 87' lang='lat' dir='ltr'>arma</span> <span class='ocrx_word' id='word_1_46' title='bbox 861 602 1025 672; x_wconf 87' lang='lat' dir='ltr'>tremiscunt,</span> 
     </span>
     <span class='ocr_line' id='line_1_8' title="bbox 175 672 772 742; baseline -0.003 -16"><span class='ocrx_word' id='word_1_47' title='bbox 175 672 253 726; x_wconf 90' lang='lat' dir='ltr'>Nunc</span> <span class='ocrx_word' id='word_1_48' title='bbox 266 682 293 726; x_wconf 90' lang='lat' dir='ltr'>et</span> <span class='ocrx_word' id='word_1_49' title='bbox 305 673 425 742; x_wconf 83' lang='lat' dir='ltr'>Tydides</span> <span class='ocrx_word' id='word_1_50' title='bbox 437 682 464 725; x_wconf 89' lang='lat' dir='ltr'>et</span> <span class='ocrx_word' id='word_1_51' title='bbox 478 673 632 726; x_wconf 78' lang='lat' dir='ltr'>Larissaeus</span> <span class='ocrx_word' id='word_1_52' title='bbox 643 673 772 740; x_wconf 85' lang='lat' dir='ltr'>Achilles,</span> 
     </span>
    </p>

    <p class='ocr_par' dir='ltr' id='par_1_6' title="bbox 174 740 1028 883">
     <span class='ocr_line' id='line_1_9' title="bbox 174 740 1028 810; baseline -0.002 -15"><span class='ocrx_word' id='word_1_53' title='bbox 174 742 272 795; x_wconf 81' lang='lat' dir='ltr'>Amnis</span> <span class='ocrx_word' id='word_1_54' title='bbox 283 752 309 795; x_wconf 90' lang='lat' dir='ltr'>et</span> <span class='ocrx_word' id='word_1_55' title='bbox 322 741 468 795; x_wconf 87' lang='lat' dir='ltr'>Hadriacas</span> <span class='ocrx_word' id='word_1_56' title='bbox 480 751 548 795; x_wconf 88' lang='lat' dir='ltr'>retro</span> <span class='ocrx_word' id='word_1_57' title='bbox 558 741 627 810; x_wconf 84' lang='lat' dir='ltr'>fugit</span> <span class='ocrx_word' id='word_1_58' title='bbox 640 743 754 796; x_wconf 87' lang='lat' dir='ltr'>Aufidus</span> <span class='ocrx_word' id='word_1_59' title='bbox 766 740 869 797; x_wconf 81' lang='lat' dir='ltr'>undas!</span> <span class='ocrx_word' id='word_1_60' title='bbox 975 744 1028 795; x_wconf 76' lang='grc'>405</span> 
     </span>
     <span class='ocr_line' id='line_1_10' title="bbox 177 808 846 883; baseline 0 -19"><span class='ocrx_word' id='word_1_61' title='bbox 177 808 226 864; x_wconf 88' lang='lat' dir='ltr'>Vel</span> <span class='ocrx_word' id='word_1_62' title='bbox 239 828 301 864; x_wconf 89' lang='lat' dir='ltr'>oum</span> <span class='ocrx_word' id='word_1_63' title='bbox 314 829 343 864; x_wconf 88' lang='lat' dir='ltr'>se</span> <span class='ocrx_word' id='word_1_64' title='bbox 356 811 484 881; x_wconf 80' lang='lat' dir='ltr'>pavidum</span> <span class='ocrx_word' id='word_1_65' title='bbox 496 819 586 864; x_wconf 85' lang='lat' dir='ltr'>contra</span> <span class='ocrx_word' id='word_1_66' title='bbox 598 829 661 864; x_wconf 88' lang='lat' dir='ltr'>mea</span> <span class='ocrx_word' id='word_1_67' title='bbox 671 810 758 883; x_wconf 83' lang='lat' dir='ltr'>jurgia</span> <span class='ocrx_word' id='word_1_68' title='bbox 769 813 846 880; x_wconf 85' lang='lat' dir='ltr'>fingit</span> 
     </span>
    </p>

    <p class='ocr_par' dir='ltr' id='par_1_7' title="bbox 175 880 840 948">
     <span class='ocr_line' id='line_1_11' title="bbox 175 880 840 948; baseline 0 -14"><span class='ocrx_word' id='word_1_69' title='bbox 175 882 294 934; x_wconf 82' lang='lat' dir='ltr'>Artificis</span> <span class='ocrx_word' id='word_1_70' title='bbox 306 883 402 948; x_wconf 86' lang='lat' dir='ltr'>scelus,</span> <span class='ocrx_word' id='word_1_71' title='bbox 416 890 444 932; x_wconf 90' lang='lat' dir='ltr'>et</span> <span class='ocrx_word' id='word_1_72' title='bbox 458 880 598 933; x_wconf 79' lang='lat' dir='ltr'>tormidine</span> <span class='ocrx_word' id='word_1_73' title='bbox 610 882 712 935; x_wconf 84' lang='lat' dir='ltr'>crimen</span> <span class='ocrx_word' id='word_1_74' title='bbox 724 881 840 934; x_wconf 81' lang='lat' dir='ltr'>acerbat.</span> 
     </span>
    </p>

    <p class='ocr_par' dir='ltr' id='par_1_8' title="bbox 176 949 1017 1089">
     <span class='ocr_line' id='line_1_12' title="bbox 176 949 1017 1019; baseline -0.002 -15"><span class='ocrx_word' id='word_1_75' title='bbox 176 950 332 1019; x_wconf 86' lang='lat' dir='ltr'>Numquam</span> <span class='ocrx_word' id='word_1_76' title='bbox 345 951 465 1003; x_wconf 87' lang='lat' dir='ltr'>animam</span> <span class='ocrx_word' id='word_1_77' title='bbox 477 949 559 1002; x_wconf 85' lang='lat' dir='ltr'>talem</span> <span class='ocrx_word' id='word_1_78' title='bbox 572 949 666 1002; x_wconf 84' lang='lat' dir='ltr'>dextra</span> <span class='ocrx_word' id='word_1_79' title='bbox 679 949 865 1003; x_wconf 89' lang='lat' dir='ltr'>hac-absiste</span> <span class='ocrx_word' id='word_1_80' title='bbox 879 949 1017 1003; x_wconf 84' lang='lat' dir='ltr'>moreri—</span> 
     </span>
     <span class='ocr_line' id='line_1_13' title="bbox 177 1019 856 1089; baseline -0.001 -17"><span class='ocrx_word' id='word_1_81' title='bbox 177 1020 308 1086; x_wconf 77' lang='lat' dir='ltr'>Amittes3</span> <span class='ocrx_word' id='word_1_82' title='bbox 325 1019 428 1077; x_wconf 89' lang='lat' dir='ltr'>habitet</span> <span class='ocrx_word' id='word_1_83' title='bbox 440 1028 540 1088; x_wconf 80' lang='lat' dir='ltr'>tecum,</span> <span class='ocrx_word' id='word_1_84' title='bbox 553 1026 580 1071; x_wconf 91' lang='lat' dir='ltr'>et</span> <span class='ocrx_word' id='word_1_85' title='bbox 592 1020 626 1070; x_wconf 90' lang='lat' dir='ltr'>sit</span> <span class='ocrx_word' id='word_1_86' title='bbox 639 1029 747 1089; x_wconf 80' lang='lat' dir='ltr'>pectore</span> <span class='ocrx_word' id='word_1_87' title='bbox 759 1021 784 1072; x_wconf 91' lang='lat' dir='ltr'>in</span> <span class='ocrx_word' id='word_1_88' title='bbox 799 1021 856 1072; x_wconf 88' lang='lat' dir='ltr'>isto.</span> 
     </span>
    </p>

    <p class='ocr_par' dir='ltr' id='par_1_9' title="bbox 176 1089 1029 1229">
     <span class='ocr_line' id='line_1_14' title="bbox 176 1089 1029 1158; baseline -0.001 -17"><span class='ocrx_word' id='word_1_89' title='bbox 176 1089 255 1142; x_wconf 89' lang='lat' dir='ltr'>Nunc</span> <span class='ocrx_word' id='word_1_90' title='bbox 265 1089 299 1141; x_wconf 86' lang='lat' dir='ltr'>ad</span> <span class='ocrx_word' id='word_1_91' title='bbox 313 1097 347 1158; x_wconf 83' lang='lat' dir='ltr'>te,</span> <span class='ocrx_word' id='word_1_92' title='bbox 360 1099 387 1141; x_wconf 87' lang='lat' dir='ltr'>et</span> <span class='ocrx_word' id='word_1_93' title='bbox 400 1098 447 1141; x_wconf 91' lang='lat' dir='ltr'>tua</span> <span class='ocrx_word' id='word_1_94' title='bbox 458 1105 564 1156; x_wconf 85' lang='lat' dir='ltr'>magna,</span> <span class='ocrx_word' id='word_1_95' title='bbox 578 1098 660 1158; x_wconf 83' lang='lat' dir='ltr'>pater,</span> <span class='ocrx_word' id='word_1_96' title='bbox 675 1089 795 1142; x_wconf 89' lang='lat' dir='ltr'>consulta</span> <span class='ocrx_word' id='word_1_97' title='bbox 808 1096 932 1141; x_wconf 86' lang='lat' dir='ltr'>revertor.</span> <span class='ocrx_word' id='word_1_98' title='bbox 976 1090 1029 1142; x_wconf 79' lang='lat' dir='ltr'>tto</span> 
     </span>
     <span class='ocr_line' id='line_1_15' title="bbox 176 1157 828 1229; baseline 0.002 -20"><span class='ocrx_word' id='word_1_99' title='bbox 176 1157 202 1210; x_wconf 84' lang='lat' dir='ltr'>Si</span> <span class='ocrx_word' id='word_1_100' title='bbox 215 1157 315 1211; x_wconf 88' lang='lat' dir='ltr'>nullam</span> <span class='ocrx_word' id='word_1_101' title='bbox 329 1159 425 1211; x_wconf 90' lang='lat' dir='ltr'>nostris</span> <span class='ocrx_word' id='word_1_102' title='bbox 437 1157 505 1210; x_wconf 85' lang='lat' dir='ltr'>ultra</span> <span class='ocrx_word' id='word_1_103' title='bbox 516 1175 593 1229; x_wconf 90' lang='lat' dir='ltr'>spem</span> <span class='ocrx_word' id='word_1_104' title='bbox 605 1159 683 1228; x_wconf 90' lang='lat' dir='ltr'>ponis</span> <span class='ocrx_word' id='word_1_105' title='bbox 698 1158 725 1211; x_wconf 90' lang='lat' dir='ltr'>in</span> <span class='ocrx_word' id='word_1_106' title='bbox 738 1159 828 1228; x_wconf 86' lang='lat' dir='ltr'>armis,</span> 
     </span>
    </p>

    <p class='ocr_par' dir='ltr' id='par_1_10' title="bbox 176 1227 841 1295">
     <span class='ocr_line' id='line_1_16' title="bbox 176 1227 841 1295; baseline 0 -17"><span class='ocrx_word' id='word_1_107' title='bbox 176 1227 202 1279; x_wconf 83' lang='lat' dir='ltr'>Si</span> <span class='ocrx_word' id='word_1_108' title='bbox 215 1237 270 1280; x_wconf 89' lang='lat' dir='ltr'>tam</span> <span class='ocrx_word' id='word_1_109' title='bbox 282 1227 380 1281; x_wconf 81' lang='lat' dir='ltr'>deserti</span> <span class='ocrx_word' id='word_1_110' title='bbox 394 1243 494 1295; x_wconf 77' lang='lat' dir='ltr'>sumus,</span> <span class='ocrx_word' id='word_1_111' title='bbox 508 1236 535 1280; x_wconf 91' lang='lat' dir='ltr'>et</span> <span class='ocrx_word' id='word_1_112' title='bbox 547 1228 632 1280; x_wconf 87' lang='lat' dir='ltr'>semel</span> <span class='ocrx_word' id='word_1_113' title='bbox 644 1227 753 1295; x_wconf 86' lang='lat' dir='ltr'>agmine</span> <span class='ocrx_word' id='word_1_114' title='bbox 765 1243 841 1279; x_wconf 88' lang='lat' dir='ltr'>verso</span> 
     </span>
    </p>

    <p class='ocr_par' dir='ltr' id='par_1_11' title="bbox 175 1294 974 1436">
     <span class='ocr_line' id='line_1_17' title="bbox 177 1294 974 1366; baseline 0.001 -18"><span class='ocrx_word' id='word_1_115' title='bbox 177 1294 311 1351; x_wconf 80' lang='lat' dir='ltr'>Funditus</span> <span class='ocrx_word' id='word_1_116' title='bbox 321 1296 478 1363; x_wconf 85' lang='lat' dir='ltr'>occidimus,</span> <span class='ocrx_word' id='word_1_117' title='bbox 492 1313 579 1366; x_wconf 93' lang='lat' dir='ltr'>neque</span> <span class='ocrx_word' id='word_1_118' title='bbox 592 1297 675 1349; x_wconf 88' lang='lat' dir='ltr'>habet</span> <span class='ocrx_word' id='word_1_119' title='bbox 687 1296 803 1348; x_wconf 81' lang='lat' dir='ltr'>Fortuna</span> <span class='ocrx_word' id='word_1_120' title='bbox 815 1312 974 1365; x_wconf 85' lang='lat' dir='ltr'>regressum,</span> 
     </span>
     <span class='ocr_line' id='line_1_18' title="bbox 175 1365 834 1436; baseline -0.003 -17"><span class='ocrx_word' id='word_1_121' title='bbox 175 1365 290 1419; x_wconf 86' lang='lat' dir='ltr'>Oremus</span> <span class='ocrx_word' id='word_1_122' title='bbox 303 1384 406 1436; x_wconf 86' lang='lat' dir='ltr'>pacem,</span> <span class='ocrx_word' id='word_1_123' title='bbox 420 1375 446 1417; x_wconf 89' lang='lat' dir='ltr'>et</span> <span class='ocrx_word' id='word_1_124' title='bbox 459 1365 566 1418; x_wconf 82' lang='lat' dir='ltr'>‹lertras</span> <span class='ocrx_word' id='word_1_125' title='bbox 578 1366 720 1418; x_wconf 84' lang='lat' dir='ltr'>tendamus</span> <span class='ocrx_word' id='word_1_126' title='bbox 733 1366 834 1418; x_wconf 88' lang='lat' dir='ltr'>inertis.</span> 
     </span>
    </p>

    <p class='ocr_par' dir='ltr' id='par_1_12' title="bbox 176 1433 1028 1574">
     <span class='ocr_line' id='line_1_19' title="bbox 176 1433 1028 1505; baseline 0 -19"><span class='ocrx_word' id='word_1_127' title='bbox 176 1434 264 1492; x_wconf 82' lang='lat' dir='ltr'>Quam</span> <span class='ocrx_word' id='word_1_128' title='bbox 286 1453 348 1488; x_wconf 90' lang='lat' dir='ltr'>uam</span> <span class='ocrx_word' id='word_1_129' title='bbox 360 1452 384 1505; x_wconf 83' lang='lat'>0,</span> <span class='ocrx_word' id='word_1_130' title='bbox 397 1434 419 1488; x_wconf 90' lang='lat' dir='ltr'>si</span> <span class='ocrx_word' id='word_1_131' title='bbox 432 1433 526 1487; x_wconf 87' lang='lat' dir='ltr'>solitae</span> <span class='ocrx_word' id='word_1_132' title='bbox 539 1435 681 1504; x_wconf 87' lang='lat' dir='ltr'>quicquam</span> <span class='ocrx_word' id='word_1_133' title='bbox 696 1435 799 1488; x_wconf 88' lang='lat' dir='ltr'>virtutis</span> <span class='ocrx_word' id='word_1_134' title='bbox 811 1433 927 1504; x_wconf 86' lang='lat' dir='ltr'>adesset,</span> <span class='ocrx_word' id='word_1_135' title='bbox 975 1436 1028 1487; x_wconf 79' lang='grc'>410</span> 
     </span>
     <span class='ocr_line' id='line_1_20' title="bbox 178 1503 804 1574; baseline -0.002 -16"><span class='ocrx_word' id='word_1_136' title='bbox 178 1504 226 1558; x_wconf 88' lang='lat' dir='ltr'>lile</span> <span class='ocrx_word' id='word_1_137' title='bbox 239 1506 275 1558; x_wconf 89' lang='lat' dir='ltr'>mi</span> <span class='ocrx_word' id='word_1_138' title='bbox 298 1505 378 1557; x_wconf 82' lang='lat' dir='ltr'>iente</span> <span class='ocrx_word' id='word_1_139' title='bbox 390 1505 456 1557; x_wconf 86' lang='lat' dir='ltr'>alios</span> <span class='ocrx_word' id='word_1_140' title='bbox 468 1503 671 1574; x_wconf 79' lang='lat' dir='ltr'>fortunatusque</span> <span class='ocrx_word' id='word_1_141' title='bbox 683 1504 804 1557; x_wconf 90' lang='lat' dir='ltr'>laborum</span> 
     </span>
    </p>

    <p class='ocr_par' dir='ltr' id='par_1_13' title="bbox 177 1573 845 1643">
     <span class='ocr_line' id='line_1_21' title="bbox 177 1573 845 1643; baseline 0.003 -19"><span class='ocrx_word' id='word_1_142' title='bbox 177 1573 361 1642; x_wconf 83' lang='lat' dir='ltr'>Egregiusque</span> <span class='ocrx_word' id='word_1_143' title='bbox 373 1573 464 1641; x_wconf 86' lang='lat' dir='ltr'>animi,</span> <span class='ocrx_word' id='word_1_144' title='bbox 478 1573 531 1641; x_wconf 84' lang='lat' dir='ltr'>qui,</span> <span class='ocrx_word' id='word_1_145' title='bbox 545 1573 654 1642; x_wconf 88' lang='lat' dir='ltr'>nequid</span> <span class='ocrx_word' id='word_1_146' title='bbox 668 1573 721 1626; x_wconf 91' lang='lat' dir='ltr'>tale</span> <span class='ocrx_word' id='word_1_147' title='bbox 734 1574 845 1643; x_wconf 81' lang='lat' dir='ltr'>videret,</span> 
     </span>
    </p>

    <p class='ocr_par' dir='ltr' id='par_1_14' title="bbox 176 1639 939 1710">
     <span class='ocr_line' id='line_1_22' title="bbox 176 1639 939 1710; baseline -0.001 -15"><span class='ocrx_word' id='word_1_148' title='bbox 176 1643 320 1695; x_wconf 84' lang='lat' dir='ltr'>Procubuit</span> <span class='ocrx_word' id='word_1_149' title='bbox 332 1642 454 1710; x_wconf 86' lang='lat' dir='ltr'>moriens,</span> <span class='ocrx_word' id='word_1_150' title='bbox 468 1651 496 1693; x_wconf 88' lang='lat' dir='ltr'>et</span> <span class='ocrx_word' id='word_1_151' title='bbox 508 1641 620 1694; x_wconf 90' lang='lat' dir='ltr'>humum</span> <span class='ocrx_word' id='word_1_152' title='bbox 634 1642 719 1694; x_wconf 89' lang='lat' dir='ltr'>semel</span> <span class='ocrx_word' id='word_1_153' title='bbox 731 1659 775 1694; x_wconf 91' lang='lat' dir='ltr'>ore</span> <span class='ocrx_word' id='word_1_154' title='bbox 788 1639 939 1695; x_wconf 86' lang='lat' dir='ltr'>momordit.</span> 
     </span>
    </p>

    <p class='ocr_par' dir='ltr' id='par_1_15' title="bbox 178 1710 821 1780">
     <span class='ocr_line' id='line_1_23' title="bbox 178 1710 821 1780; baseline -0.005 -16"><span class='ocrx_word' id='word_1_155' title='bbox 178 1711 222 1765; x_wconf 88' lang='lat' dir='ltr'>Sin</span> <span class='ocrx_word' id='word_1_156' title='bbox 235 1721 262 1763; x_wconf 88' lang='lat' dir='ltr'>et</span> <span class='ocrx_word' id='word_1_157' title='bbox 274 1727 339 1780; x_wconf 89' lang='lat' dir='ltr'>opes</span> <span class='ocrx_word' id='word_1_158' title='bbox 351 1710 426 1764; x_wconf 88' lang='lat' dir='ltr'>nobis</span> <span class='ocrx_word' id='word_1_159' title='bbox 438 1721 464 1763; x_wconf 91' lang='lat' dir='ltr'>et</span> <span class='ocrx_word' id='word_1_160' title='bbox 477 1710 566 1764; x_wconf 89' lang='lat' dir='ltr'>adhuc</span> <span class='ocrx_word' id='word_1_161' title='bbox 578 1712 676 1763; x_wconf 87' lang='lat' dir='ltr'>intacta</span> <span class='ocrx_word' id='word_1_162' title='bbox 687 1710 821 1780; x_wconf 83' lang='lat' dir='ltr'>juventus,</span> 
     </span>
    </p>

    <p class='ocr_par' dir='ltr' id='par_1_16' title="bbox 177 1778 1029 1918">
     <span class='ocr_line' id='line_1_24' title="bbox 177 1778 1029 1849; baseline -0.004 -16"><span class='ocrx_word' id='word_1_163' title='bbox 177 1780 338 1847; x_wconf 81' lang='lat' dir='ltr'>Auxilioque</span> <span class='ocrx_word' id='word_1_164' title='bbox 351 1781 431 1834; x_wconf 85' lang='lat' dir='ltr'>urbes</span> <span class='ocrx_word' id='word_1_165' title='bbox 443 1778 526 1834; x_wconf 89' lang='lat' dir='ltr'>Italae</span> <span class='ocrx_word' id='word_1_166' title='bbox 540 1781 684 1849; x_wconf 83' lang='lat' dir='ltr'>populique</span> <span class='ocrx_word' id='word_1_167' title='bbox 698 1789 847 1849; x_wconf 81' lang='lat' dir='ltr'>supersunt,</span> <span class='ocrx_word' id='word_1_168' title='bbox 892 1787 893 1790; x_wconf 78' lang='grc'>’</span> <span class='ocrx_word' id='word_1_169' title='bbox 976 1780 1029 1831; x_wconf 80' lang='grc'>420</span> 
     </span>
     <span class='ocr_line' id='line_1_25' title="bbox 178 1849 749 1918; baseline -0.005 -16"><span class='ocrx_word' id='word_1_170' title='bbox 178 1849 222 1902; x_wconf 86' lang='lat' dir='ltr'>Sin</span> <span class='ocrx_word' id='word_1_171' title='bbox 236 1860 263 1902; x_wconf 91' lang='lat' dir='ltr'>et</span> <span class='ocrx_word' id='word_1_172' title='bbox 274 1849 395 1918; x_wconf 84' lang='lat' dir='ltr'>Trojanis</span> <span class='ocrx_word' id='word_1_173' title='bbox 406 1867 468 1901; x_wconf 88' lang='lat' dir='ltr'>curn</span> <span class='ocrx_word' id='word_1_174' title='bbox 481 1849 567 1901; x_wconf 89' lang='lat' dir='ltr'>multo</span> <span class='ocrx_word' id='word_1_175' title='bbox 577 1849 661 1916; x_wconf 79' lang='lat' dir='ltr'>gloria</span> <span class='ocrx_word' id='word_1_176' title='bbox 675 1849 749 1901; x_wconf 88' lang='lat' dir='ltr'>venit</span> 
     </span>
    </p>

    <p class='ocr_par' dir='ltr' id='par_1_17' title="bbox 177 1917 924 2056">
     <span class='ocr_line' id='line_1_26' title="bbox 178 1917 924 1986; baseline 0 -16"><span class='ocrx_word' id='word_1_177' title='bbox 178 1918 410 1985; x_wconf 84' lang='lat' dir='ltr'>Sanguine-sunt</span> <span class='ocrx_word' id='word_1_178' title='bbox 421 1918 476 1970; x_wconf 91' lang='lat' dir='ltr'>illis</span> <span class='ocrx_word' id='word_1_179' title='bbox 488 1935 537 1970; x_wconf 89' lang='lat' dir='ltr'>sua</span> <span class='ocrx_word' id='word_1_180' title='bbox 550 1918 650 1986; x_wconf 79' lang='lat' dir='ltr'>sunere,</span> <span class='ocrx_word' id='word_1_181' title='bbox 665 1934 764 1986; x_wconf 85' lang='lat' dir='ltr'>parque</span> <span class='ocrx_word' id='word_1_182' title='bbox 777 1933 825 1986; x_wconf 88' lang='lat' dir='ltr'>per</span> <span class='ocrx_word' id='word_1_183' title='bbox 836 1917 924 1970; x_wconf 84' lang='lat' dir='ltr'>omnis</span> 
     </span>
     <span class='ocr_line' id='line_1_27' title="bbox 177 1987 812 2056; baseline -0.002 -17"><span class='ocrx_word' id='word_1_184' title='bbox 177 1988 422 2055; x_wconf 77' lang='lat' dir='ltr'>Tempestas-cur</span> <span class='ocrx_word' id='word_1_185' title='bbox 434 1988 572 2040; x_wconf 82' lang='lat' dir='ltr'>indecores</span> <span class='ocrx_word' id='word_1_186' title='bbox 585 1988 611 2039; x_wconf 92' lang='lat' dir='ltr'>in</span> <span class='ocrx_word' id='word_1_187' title='bbox 625 1987 716 2039; x_wconf 91' lang='lat' dir='ltr'>limine</span> <span class='ocrx_word' id='word_1_188' title='bbox 727 1987 812 2056; x_wconf 90' lang='lat' dir='ltr'>primo</span> 
     </span>
    </p>

    <p class='ocr_par' dir='ltr' id='par_1_18' title="bbox 178 2054 1029 2262">
     <span class='ocr_line' id='line_1_28' title="bbox 178 2054 933 2126; baseline 0 -17"><span class='ocrx_word' id='word_1_189' title='bbox 178 2056 346 2109; x_wconf 78' lang='lat' dir='ltr'>Deficimusll</span> <span class='ocrx_word' id='word_1_190' title='bbox 364 2067 485 2108; x_wconf 89' lang='lat' dir='ltr'>curante</span> <span class='ocrx_word' id='word_1_191' title='bbox 498 2056 589 2109; x_wconf 86' lang='lat' dir='ltr'>tubam</span> <span class='ocrx_word' id='word_1_192' title='bbox 604 2065 702 2108; x_wconf 89' lang='lat' dir='ltr'>tremor</span> <span class='ocrx_word' id='word_1_193' title='bbox 713 2065 826 2126; x_wconf 91' lang='lat' dir='ltr'>occupat</span> <span class='ocrx_word' id='word_1_194' title='bbox 839 2054 933 2110; x_wconf 60' lang='lat' dir='ltr'>artus?</span> 
     </span>
     <span class='ocr_line' id='line_1_29' title="bbox 179 2124 1029 2193; baseline -0.005 -15"><span class='ocrx_word' id='word_1_195' title='bbox 179 2125 269 2178; x_wconf 83' lang='lat' dir='ltr'>Multa</span> <span class='ocrx_word' id='word_1_196' title='bbox 282 2124 340 2177; x_wconf 85' lang='lat' dir='ltr'>dies</span> <span class='ocrx_word' id='word_1_197' title='bbox 353 2125 471 2193; x_wconf 87' lang='lat' dir='ltr'>variique</span> <span class='ocrx_word' id='word_1_198' title='bbox 484 2125 557 2178; x_wconf 89' lang='lat' dir='ltr'>labor</span> <span class='ocrx_word' id='word_1_199' title='bbox 570 2124 706 2178; x_wconf 89' lang='lat' dir='ltr'>mutabilis</span> <span class='ocrx_word' id='word_1_200' title='bbox 718 2127 778 2177; x_wconf 89' lang='lat' dir='ltr'>aeri</span> <span class='ocrx_word' id='word_1_201' title='bbox 976 2125 1029 2176; x_wconf 76' lang='lat'>⁴25</span> 
     </span>
     <span class='ocr_line' id='line_1_30' title="bbox 178 2193 804 2262; baseline 0 -15"><span class='ocrx_word' id='word_1_202' title='bbox 178 2195 277 2247; x_wconf 89' lang='lat' dir='ltr'>Retulit</span> <span class='ocrx_word' id='word_1_203' title='bbox 289 2193 316 2246; x_wconf 91' lang='lat' dir='ltr'>in</span> <span class='ocrx_word' id='word_1_204' title='bbox 328 2195 427 2246; x_wconf 90' lang='lat' dir='ltr'>melius</span> <span class='ocrx_word' id='word_1_205' title='bbox 434 2211 442 2262; x_wconf 75' lang='lat'><em>3</em></span> <span class='ocrx_word' id='word_1_206' title='bbox 460 2195 558 2247; x_wconf 88' lang='lat' dir='ltr'>multos</span> <span class='ocrx_word' id='word_1_207' title='bbox 570 2195 672 2247; x_wconf 87' lang='lat' dir='ltr'>alterna</span> <span class='ocrx_word' id='word_1_208' title='bbox 684 2195 804 2247; x_wconf 89' lang='lat' dir='ltr'>revisens</span> 
     </span>
    </p>

    <p class='ocr_par' dir='ltr' id='par_1_19' title="bbox 177 2263 778 2316">
     <span class='ocr_line' id='line_1_31' title="bbox 177 2263 778 2316; baseline -0.003 0"><span class='ocrx_word' id='word_1_209' title='bbox 177 2264 255 2316; x_wconf 87' lang='lat' dir='ltr'>Lusit</span> <span class='ocrx_word' id='word_1_210' title='bbox 266 2271 293 2315; x_wconf 91' lang='lat' dir='ltr'>et</span> <span class='ocrx_word' id='word_1_211' title='bbox 306 2263 331 2315; x_wconf 92' lang='lat' dir='ltr'>iu</span> <span class='ocrx_word' id='word_1_212' title='bbox 346 2263 429 2315; x_wconf 91' lang='lat' dir='ltr'>solido</span> <span class='ocrx_word' id='word_1_213' title='bbox 442 2281 532 2316; x_wconf 86' lang='lat' dir='ltr'>rursus</span> <span class='ocrx_word' id='word_1_214' title='bbox 544 2263 660 2316; x_wconf 88' lang='lat' dir='ltr'>Fortuna</span> <span class='ocrx_word' id='word_1_215' title='bbox 672 2263 778 2315; x_wconf 86' lang='lat' dir='ltr'>locavit.</span> 
     </span>
    </p>

    <p class='ocr_par' dir='ltr' id='par_1_20' title="bbox 177 2331 753 2400">
     <span class='ocr_line' id='line_1_32' title="bbox 177 2331 753 2400; baseline -0.005 -14"><span class='ocrx_word' id='word_1_216' title='bbox 177 2331 237 2386; x_wconf 86' lang='lat' dir='ltr'>Non</span> <span class='ocrx_word' id='word_1_217' title='bbox 252 2333 302 2384; x_wconf 88' lang='lat' dir='ltr'>erit</span> <span class='ocrx_word' id='word_1_218' title='bbox 313 2333 411 2384; x_wconf 81' lang='lat' dir='ltr'>auxilio</span> <span class='ocrx_word' id='word_1_219' title='bbox 423 2332 501 2385; x_wconf 88' lang='lat' dir='ltr'>nobis</span> <span class='ocrx_word' id='word_1_220' title='bbox 513 2333 624 2384; x_wconf 87' lang='lat' dir='ltr'>Aetolus</span> <span class='ocrx_word' id='word_1_221' title='bbox 636 2342 662 2384; x_wconf 85' lang='lat' dir='ltr'>et</span> <span class='ocrx_word' id='word_1_222' title='bbox 676 2333 753 2400; x_wconf 85' lang='lat' dir='ltr'>Arpi:</span> 
     </span>
    </p>

    <p class='ocr_par' dir='ltr' id='par_1_21' title="bbox 177 2400 1030 2606">
     <span class='ocr_line' id='line_1_33' title="bbox 178 2400 875 2480; baseline -0.009 -24"><span class='ocrx_word' id='word_1_223' title='bbox 178 2405 214 2456; x_wconf 86' lang='lat' dir='ltr'>At</span> <span class='ocrx_word' id='word_1_224' title='bbox 227 2403 371 2480; x_wconf 79' lang='lat' dir='ltr'>Messapus</span> <span class='ocrx_word' id='word_1_225' title='bbox 383 2401 441 2468; x_wconf 85' lang='lat' dir='ltr'>erit,</span> <span class='ocrx_word' id='word_1_226' title='bbox 455 2400 574 2471; x_wconf 82' lang='lat' dir='ltr'>felixque</span> <span class='ocrx_word' id='word_1_227' title='bbox 587 2400 754 2468; x_wconf 83' lang='lat' dir='ltr'>Tolumnius,</span> <span class='ocrx_word' id='word_1_228' title='bbox 768 2406 794 2451; x_wconf 90' lang='lat' dir='ltr'>et</span> <span class='ocrx_word' id='word_1_229' title='bbox 807 2412 875 2466; x_wconf 90' lang='lat' dir='ltr'>quos</span> 
     </span>
     <span class='ocr_line' id='line_1_34' title="bbox 177 2470 1030 2540; baseline -0.002 -17"><span class='ocrx_word' id='word_1_230' title='bbox 177 2470 330 2540; x_wconf 77' lang='lat' dir='ltr'>Tot-populi</span> <span class='ocrx_word' id='word_1_231' title='bbox 342 2471 440 2523; x_wconf 90' lang='lat' dir='ltr'>misere</span> <span class='ocrx_word' id='word_1_232' title='bbox 452 2470 554 2538; x_wconf 78' lang='lat' dir='ltr'>duces3</span> <span class='ocrx_word' id='word_1_233' title='bbox 573 2487 624 2531; x_wconf 82' lang='lat' dir='ltr'>nec</span> <span class='ocrx_word' id='word_1_234' title='bbox 636 2486 717 2540; x_wconf 83' lang='lat' dir='ltr'>parva</span> <span class='ocrx_word' id='word_1_235' title='bbox 730 2477 857 2536; x_wconf 85' lang='lat' dir='ltr'>sequetur</span> <span class='ocrx_word' id='word_1_236' title='bbox 977 2471 1030 2521; x_wconf 79' lang='lat' dir='ltr'>tao</span> 
     </span>
     <span class='ocr_line' id='line_1_35' title="bbox 177 2538 808 2606; baseline -0.011 -12"><span class='ocrx_word' id='word_1_237' title='bbox 177 2540 268 2594; x_wconf 83' lang='lat' dir='ltr'>Gloria</span> <span class='ocrx_word' id='word_1_238' title='bbox 280 2538 400 2592; x_wconf 88' lang='lat' dir='ltr'>delectos</span> <span class='ocrx_word' id='word_1_239' title='bbox 411 2539 486 2592; x_wconf 90' lang='lat' dir='ltr'>Latio</span> <span class='ocrx_word' id='word_1_240' title='bbox 499 2548 526 2592; x_wconf 90' lang='lat' dir='ltr'>et</span> <span class='ocrx_word' id='word_1_241' title='bbox 538 2539 717 2592; x_wconf 87' lang='lat' dir='ltr'>Laurentibus</span> <span class='ocrx_word' id='word_1_242' title='bbox 729 2538 808 2606; x_wconf 81' lang='lat' dir='ltr'>agris.</span> 
     </span>
    </p>

    <p class='ocr_par' dir='ltr' id='par_1_22' title="bbox 178 2605 830 2676">
     <span class='ocr_line' id='line_1_36' title="bbox 178 2605 830 2676; baseline -0.009 -13"><span class='ocrx_word' id='word_1_243' title='bbox 178 2610 226 2663; x_wconf 85' lang='lat' dir='ltr'>Est</span> <span class='ocrx_word' id='word_1_244' title='bbox 240 2619 266 2662; x_wconf 88' lang='lat' dir='ltr'>et</span> <span class='ocrx_word' id='word_1_245' title='bbox 279 2609 435 2663; x_wconf 84' lang='lat' dir='ltr'>Volscorum</span> <span class='ocrx_word' id='word_1_246' title='bbox 449 2609 557 2676; x_wconf 76' lang='lat' dir='ltr'>egregia</span> <span class='ocrx_word' id='word_1_247' title='bbox 569 2607 603 2660; x_wconf 93' lang='lat' dir='ltr'>de</span> <span class='ocrx_word' id='word_1_248' title='bbox 615 2617 696 2676; x_wconf 85' lang='lat' dir='ltr'>gente</span> <span class='ocrx_word' id='word_1_249' title='bbox 708 2605 830 2674; x_wconf 82' lang='lat' dir='ltr'>Camilla,</span> 
     </span>
    </p>

    <p class='ocr_par' dir='ltr' id='par_1_23' title="bbox 177 2677 906 2746">
     <span class='ocr_line' id='line_1_37' title="bbox 177 2677 906 2746; baseline -0.008 -14"><span class='ocrx_word' id='word_1_250' title='bbox 177 2683 284 2746; x_wconf 83' lang='lat' dir='ltr'>Agmen</span> <span class='ocrx_word' id='word_1_251' title='bbox 297 2694 380 2746; x_wconf 86' lang='lat' dir='ltr'>agens</span> <span class='ocrx_word' id='word_1_252' title='bbox 392 2678 514 2746; x_wconf 88' lang='lat' dir='ltr'>equitum</span> <span class='ocrx_word' id='word_1_253' title='bbox 529 2686 555 2729; x_wconf 90' lang='lat' dir='ltr'>et</span> <span class='ocrx_word' id='word_1_254' title='bbox 568 2677 686 2730; x_wconf 87' lang='lat' dir='ltr'>florentis</span> <span class='ocrx_word' id='word_1_255' title='bbox 698 2692 761 2728; x_wconf 85' lang='lat' dir='ltr'>aere</span> <span class='ocrx_word' id='word_1_256' title='bbox 774 2684 906 2728; x_wconf 79' lang='lat' dir='ltr'>catervas.</span> 
     </span>
    </p>
   </div>
   <div class='ocr_carea' id='block_1_3' title="bbox 51 2821 1054 3412">
    <p class='ocr_par' dir='ltr' id='par_1_24' title="bbox 51 2821 1054 3183">
     <span class='ocr_line' id='line_1_38' title="bbox 133 2821 1026 2882; baseline -0.006 -7"><span class='ocrx_word' id='word_1_257' title='bbox 133 2829 191 2875; x_wconf 77' lang='lat'><strong>398.</strong></span> <span class='ocrx_word' id='word_1_258' title='bbox 207 2826 256 2875; x_wconf 89' lang='lat' dir='ltr'>See</span> <span class='ocrx_word' id='word_1_259' title='bbox 271 2826 304 2874; x_wconf 79' lang='lat' dir='ltr'>is.</span> <span class='ocrx_word' id='word_1_260' title='bbox 320 2829 374 2880; x_wconf 79' lang='lat'>727,</span> <span class='ocrx_word' id='word_1_261' title='bbox 390 2827 537 2874; x_wconf 73' lang='lat' dir='ltr'>duc-399.</span> <span class='ocrx_word' id='word_1_262' title='bbox 555 2825 641 2882; x_wconf 80' lang='lat' dir='ltr'>Nulla,</span> <span class='ocrx_word' id='word_1_263' title='bbox 660 2825 709 2874; x_wconf 75' lang='lat' dir='ltr'>&amp;a</span> <span class='ocrx_word' id='word_1_264' title='bbox 742 2825 789 2873; x_wconf 87' lang='lat' dir='ltr'>See</span> <span class='ocrx_word' id='word_1_265' title='bbox 805 2826 954 2872; x_wconf 70' lang='grc'><strong>360-402.</strong></span> <span class='ocrx_word' id='word_1_266' title='bbox 972 2821 1026 2879; x_wconf 80' lang='lat' dir='ltr'>Br&#39;s,</span> 
     </span>
     <span class='ocr_line' id='line_1_39' title="bbox 102 2882 1029 2947; baseline -0.004 -14"><span class='ocrx_word' id='word_1_267' title='bbox 102 2888 292 2939; x_wconf 76' lang='grc' dir='ltr'><strong>ῑ.642.-403.</strong></span> <span class='ocrx_word' id='word_1_268' title='bbox 309 2884 497 2947; x_wconf 81' lang='lat' dir='ltr'>Myrmidonum.</span> <span class='ocrx_word' id='word_1_269' title='bbox 529 2885 576 2932; x_wconf 84' lang='lat' dir='ltr'>See</span> <span class='ocrx_word' id='word_1_270' title='bbox 593 2895 616 2932; x_wconf 84' lang='lat' dir='ltr'>at</span> <span class='ocrx_word' id='word_1_271' title='bbox 634 2884 692 2934; x_wconf 68' lang='lat' dir='ltr'>itt.</span> <span class='ocrx_word' id='word_1_272' title='bbox 725 2884 780 2932; x_wconf 81' lang='lat' dir='ltr'>Tho</span> <span class='ocrx_word' id='word_1_273' title='bbox 814 2899 901 2943; x_wconf 86' lang='lat' dir='ltr'>ussuga</span> <span class='ocrx_word' id='word_1_274' title='bbox 917 2882 1029 2929; x_wconf 85' lang='lat' dir='ltr'>contains</span> 
     </span>
     <span class='ocr_line' id='line_1_40' title="bbox 99 2941 1028 3003; baseline -0.006 -9"><span class='ocrx_word' id='word_1_275' title='bbox 99 2960 138 2997; x_wconf 77' lang='lat' dir='ltr'>n</span> <span class='ocrx_word' id='word_1_276' title='bbox 153 2944 252 2992; x_wconf 84' lang='lat' dir='ltr'>ironical</span> <span class='ocrx_word' id='word_1_277' title='bbox 269 2943 373 2993; x_wconf 80' lang='lat' dir='ltr'>allusion</span> <span class='ocrx_word' id='word_1_278' title='bbox 385 2954 410 2991; x_wconf 87' lang='lat' dir='ltr'>to</span> <span class='ocrx_word' id='word_1_279' title='bbox 423 2944 464 2991; x_wconf 91' lang='lat' dir='ltr'>the</span> <span class='ocrx_word' id='word_1_280' title='bbox 480 2943 570 2991; x_wconf 86' lang='lat' dir='ltr'>resusul</span> <span class='ocrx_word' id='word_1_281' title='bbox 583 2944 611 2990; x_wconf 88' lang='lat' dir='ltr'>of</span> <span class='ocrx_word' id='word_1_282' title='bbox 623 2942 749 2991; x_wconf 88' lang='lat' dir='ltr'>Diomede.</span> <span class='ocrx_word' id='word_1_283' title='bbox 804 2944 899 3003; x_wconf 76' lang='lat' dir='ltr'>trygia,</span> <span class='ocrx_word' id='word_1_284' title='bbox 913 2941 1028 3000; x_wconf 82' lang='lat' dir='ltr'>Trojans.</span> 
     </span>
     <span class='ocr_line' id='line_1_41' title="bbox 102 2999 1030 3066; baseline -0.006 -14"><span class='ocrx_word' id='word_1_285' title='bbox 102 3005 196 3052; x_wconf 58' lang='lat'><strong>«40⁴.</strong></span> <span class='ocrx_word' id='word_1_286' title='bbox 217 3003 329 3066; x_wconf 76' lang='lat' dir='ltr'>Tydides,</span> <span class='ocrx_word' id='word_1_287' title='bbox 343 3002 358 3049; x_wconf 88' lang='lat' dir='ltr'>i.</span> <span class='ocrx_word' id='word_1_288' title='bbox 370 3005 409 3051; x_wconf 85' lang='lat'>97.</span> <span class='ocrx_word' id='word_1_289' title='bbox 440 3002 594 3058; x_wconf 77' lang='lat' dir='ltr'>Larissaeus,</span> <span class='ocrx_word' id='word_1_290' title='bbox 609 3002 632 3049; x_wconf 91' lang='lat' dir='ltr'>ii.</span> <span class='ocrx_word' id='word_1_291' title='bbox 646 3005 697 3050; x_wconf 80' lang='lat'>197.</span> <span class='ocrx_word' id='word_1_292' title='bbox 707 3004 795 3048; x_wconf 78' lang='grc'><strong>-405,</strong></span> <span class='ocrx_word' id='word_1_293' title='bbox 811 3001 927 3061; x_wconf 79' lang='lat' dir='ltr'>Aufidus,</span> <span class='ocrx_word' id='word_1_294' title='bbox 941 2999 1030 3047; x_wconf 82' lang='lat' dir='ltr'>orirer</span> 
     </span>
     <span class='ocr_line' id='line_1_42' title="bbox 99 3056 1054 3123; baseline -0.008 -11"><span class='ocrx_word' id='word_1_295' title='bbox 99 3062 167 3113; x_wconf 65' lang='lat' dir='ltr'>dn</span> <span class='ocrx_word' id='word_1_296' title='bbox 186 3061 243 3117; x_wconf 84' lang='lat' dir='ltr'>ulio,</span> <span class='ocrx_word' id='word_1_297' title='bbox 257 3062 341 3120; x_wconf 81' lang='lat' dir='ltr'>sulling</span> <span class='ocrx_word' id='word_1_298' title='bbox 352 3062 403 3108; x_wconf 91' lang='lat' dir='ltr'>into</span> <span class='ocrx_word' id='word_1_299' title='bbox 414 3060 455 3108; x_wconf 88' lang='lat' dir='ltr'>the</span> <span class='ocrx_word' id='word_1_300' title='bbox 467 3060 638 3108; x_wconf 74' lang='lat' dir='ltr'>Hadriatic-</span> <span class='ocrx_word' id='word_1_301' title='bbox 646 3063 698 3106; x_wconf 85' lang='grc'><strong>406.</strong></span> <span class='ocrx_word' id='word_1_302' title='bbox 720 3056 772 3114; x_wconf 86' lang='lat' dir='ltr'>Vel,</span> <span class='ocrx_word' id='word_1_303' title='bbox 788 3065 830 3106; x_wconf 80' lang='lat' dir='ltr'>‘or</span> <span class='ocrx_word' id='word_1_304' title='bbox 841 3059 911 3107; x_wconf 86' lang='lat' dir='ltr'>mark</span> <span class='ocrx_word' id='word_1_305' title='bbox 927 3058 1030 3106; x_wconf 84' lang='lat' dir='ltr'>another</span> <span class='ocrx_word' id='word_1_306' title='bbox 1050 3114 1054 3123; x_wconf 68' lang='lat'>,</span> 
     </span>
     <span class='ocr_line' id='line_1_43' title="bbox 51 3077 1029 3183; baseline -0.006 -12"><span class='ocrx_word' id='word_1_307' title='bbox 51 3160 55 3165; x_wconf 88' lang='lat'>.</span> <span class='ocrx_word' id='word_1_308' title='bbox 101 3077 185 3183; x_wconf 59' lang='lat' dir='ltr'>proed</span> <span class='ocrx_word' id='word_1_309' title='bbox 191 3120 220 3169; x_wconf 78' lang='lat' dir='ltr'>os</span> <span class='ocrx_word' id='word_1_310' title='bbox 231 3122 273 3170; x_wconf 80' lang='lat' dir='ltr'>tlte</span> <span class='ocrx_word' id='word_1_311' title='bbox 284 3130 442 3180; x_wconf 81' lang='lat' dir='ltr'>extruvugent</span> <span class='ocrx_word' id='word_1_312' title='bbox 454 3120 588 3167; x_wconf 86' lang='lat' dir='ltr'>ccwardice</span> <span class='ocrx_word' id='word_1_313' title='bbox 600 3119 627 3166; x_wconf 91' lang='lat' dir='ltr'>of</span> <span class='ocrx_word' id='word_1_314' title='bbox 639 3118 764 3165; x_wconf 63' lang='lat' dir='ltr'>Drances)</span> <span class='ocrx_word' id='word_1_315' title='bbox 773 3121 862 3164; x_wconf 84' lang='grc'><strong>-411,</strong></span> <span class='ocrx_word' id='word_1_316' title='bbox 881 3117 928 3165; x_wconf 87' lang='lat' dir='ltr'>See</span> <span class='ocrx_word' id='word_1_317' title='bbox 940 3126 964 3164; x_wconf 88' lang='lat' dir='ltr'>ot</span> <span class='ocrx_word' id='word_1_318' title='bbox 975 3118 1029 3165; x_wconf 77' lang='lat'><strong>309.</strong></span> 
     </span>
    </p>

    <p class='ocr_par' dir='ltr' id='par_1_25' title="bbox 90 3173 1028 3412">
     <span class='ocr_line' id='line_1_44' title="bbox 100 3173 1028 3240; baseline -0.006 -12"><span class='ocrx_word' id='word_1_319' title='bbox 100 3183 197 3228; x_wconf 81' lang='lat'>-41⁵.</span> <span class='ocrx_word' id='word_1_320' title='bbox 240 3196 364 3240; x_wconf 79' lang='lat' dir='ltr'>numquam</span> <span class='ocrx_word' id='word_1_321' title='bbox 374 3178 418 3229; x_wconf 84' lang='lat' dir='ltr'>has</span> <span class='ocrx_word' id='word_1_322' title='bbox 429 3178 470 3225; x_wconf 88' lang='lat' dir='ltr'>tlre</span> <span class='ocrx_word' id='word_1_323' title='bbox 482 3178 546 3224; x_wconf 78' lang='lat' dir='ltr'>force</span> <span class='ocrx_word' id='word_1_324' title='bbox 556 3177 584 3224; x_wconf 89' lang='lat' dir='ltr'>os</span> <span class='ocrx_word' id='word_1_325' title='bbox 591 3187 706 3225; x_wconf 82' lang='lat' dir='ltr'>attamen.</span> <span class='ocrx_word' id='word_1_326' title='bbox 716 3177 802 3222; x_wconf 88' lang='grc'><strong>-416,</strong></span> <span class='ocrx_word' id='word_1_327' title='bbox 819 3175 886 3222; x_wconf 78' lang='grc' dir='ltr'>ΜιἹιί</span> <span class='ocrx_word' id='word_1_328' title='bbox 895 3191 950 3222; x_wconf 88' lang='lat' dir='ltr'>esse</span> <span class='ocrx_word' id='word_1_329' title='bbox 961 3173 1028 3222; x_wconf 82' lang='lat' dir='ltr'>vide·</span> 
     </span>
     <span class='ocr_line' id='line_1_45' title="bbox 90 3233 1028 3300; baseline -0.011 -11"><span class='ocrx_word' id='word_1_330' title='bbox 90 3250 182 3293; x_wconf 69' lang='lat' dir='ltr'>,rotun</span> <span class='ocrx_word' id='word_1_331' title='bbox 238 3242 255 3287; x_wconf 87' lang='lat' dir='ltr'>l.</span> <span class='ocrx_word' id='word_1_332' title='bbox 266 3239 309 3287; x_wconf 71' lang='lat' dir='ltr'>rii,</span> <span class='ocrx_word' id='word_1_333' title='bbox 319 3240 453 3292; x_wconf 76' lang='lat' dir='ltr'>tlt-416,</span> <span class='ocrx_word' id='word_1_334' title='bbox 466 3240 519 3285; x_wconf 88' lang='grc'><strong>417.</strong></span> <span class='ocrx_word' id='word_1_335' title='bbox 535 3235 686 3283; x_wconf 81' lang='lat' dir='ltr'>Fortunatus</span> <span class='ocrx_word' id='word_1_336' title='bbox 697 3236 810 3288; x_wconf 80' lang='lat' dir='ltr'>laborum,</span> <span class='ocrx_word' id='word_1_337' title='bbox 824 3235 934 3300; x_wconf 80' lang='lat' dir='ltr'>egregius</span> <span class='ocrx_word' id='word_1_338' title='bbox 945 3233 1028 3281; x_wconf 75' lang='lat' dir='ltr'>animi.</span> 
     </span>
     <span class='ocr_line' id='line_1_46' title="bbox 102 3291 1022 3361; baseline -0.005 -14"><span class='ocrx_word' id='word_1_339' title='bbox 102 3299 208 3358; x_wconf 76' lang='lat' dir='ltr'>Zumpt,</span> <span class='ocrx_word' id='word_1_340' title='bbox 222 3297 396 3349; x_wconf 65' lang='lat' dir='ltr'>llam-«429.</span> <span class='ocrx_word' id='word_1_341' title='bbox 413 3295 553 3356; x_wconf 83' lang='lat' dir='ltr'>Messapus,</span> <span class='ocrx_word' id='word_1_342' title='bbox 566 3294 613 3361; x_wconf 32' lang='lat' dir='ltr'>vii..</span> <span class='ocrx_word' id='word_1_343' title='bbox 617 3296 672 3361; x_wconf 70' lang='grc'><strong>091.</strong></span> <span class='ocrx_word' id='word_1_344' title='bbox 698 3292 848 3348; x_wconf 76' lang='lat' dir='ltr'>Tolumnius,</span> <span class='ocrx_word' id='word_1_345' title='bbox 859 3291 902 3338; x_wconf 82' lang='lat' dir='ltr'>xri.</span> <span class='ocrx_word' id='word_1_346' title='bbox 910 3294 965 3349; x_wconf 76' lang='lat'>256,</span> <span class='ocrx_word' id='word_1_347' title='bbox 975 3293 1022 3342; x_wconf 72' lang='lat'>460</span> 
     </span>
     <span class='ocr_line' id='line_1_47' title="bbox 98 3352 696 3412; baseline -0.013 -5"><span class='ocrx_word' id='word_1_348' title='bbox 98 3359 197 3406; x_wconf 77' lang='lat' dir='ltr'>-taa</span> <span class='ocrx_word' id='word_1_349' title='bbox 216 3357 327 3412; x_wconf 67' lang='lat' dir='ltr'>Carnum,</span> <span class='ocrx_word' id='word_1_350' title='bbox 339 3370 381 3404; x_wconf 88' lang='lat' dir='ltr'>see</span> <span class='ocrx_word' id='word_1_351' title='bbox 392 3356 446 3410; x_wconf 78' lang='lat'>531,</span> <span class='ocrx_word' id='word_1_352' title='bbox 460 3354 519 3409; x_wconf 72' lang='lat' dir='ltr'>tea,</span> <span class='ocrx_word' id='word_1_353' title='bbox 532 3352 580 3400; x_wconf 83' lang='lat' dir='ltr'>eod</span> <span class='ocrx_word' id='word_1_354' title='bbox 590 3367 631 3400; x_wconf 90' lang='lat' dir='ltr'>ru.</span> <span class='ocrx_word' id='word_1_355' title='bbox 643 3354 696 3400; x_wconf 85' lang='grc'><strong>803.</strong></span> 
     </span>
    </p>
   </div>
   <div class='ocr_carea' id='block_1_4' title="bbox 0 0 1131 3826">
    <p class='ocr_par' dir='ltr' id='par_1_26' title="bbox 0 0 1131 3826">
     <span class='ocr_line' id='line_1_48' title="bbox 0 0 1131 3826; baseline 0 0"><span class='ocrx_word' id='word_1_356' title='bbox 0 0 1131 3826; x_wconf 95' lang='lat' dir='ltr'> </span> 
     </span>
    </p>
   </div>
  </div>
 </body>
</html>
