2282 3790
567 72 576 113 ,
593 78 598 85 .

502 192 596 235 creua
616 194 680 235 rrrr.
975 176 1054 235 '⁴820

183 352 188 358 ·
200 321 377 393 Romanoque
387 320 443 377 iuro
455 330 482 375 et
494 321 576 376 luetis
586 322 693 389 mugire
701 321 814 375 Carinis.
853 335 857 345 ’
892 357 895 364 ·

200 391 237 451 Ut
250 404 360 447 venturu
372 391 515 446 adsedee:
536 392 643 458 fiiiaecss
657 391 751 460 iuquit,
767 391 874 444 ‘limina
885 389 969 443 uictor

201 461 313 515 Alcides
324 462 413 529 subiit,
427 461 496 515 haec
509 460 586 513 illurn
599 461 671 528 regia
682 461 762 529 cepit.

200 531 288 600 Aude,
303 532 408 601 hospes,
421 541 592 584 contemnere
605 546 678 598 opes,
691 541 719 582 et
732 540 757 582 te
769 544 876 599 quoque
889 527 1002 596 dignum

201 599 285 668 Finge
296 600 356 669 deo,
371 601 504 670 rebusque
518 601 579 652 veni
593 616 645 652 non
657 616 736 669 asper
745 598 862 668 egenis!
1002 601 1053 651 335

201 668 283 739 Dixit,
297 678 324 722 et
336 670 442 738 angusti
454 668 546 723 subter
557 669 663 737 fastigia
675 669 739 722 tecti

123 754 128 763 ’
200 738 342 807 Ingentem
354 740 466 792 Aenean
478 738 561 805 duxit,
575 740 717 808 stratisque
728 738 827 792 locarit

201 807 336 862 Effultum
348 807 417 861 foliis
428 816 456 860 et
468 807 540 878 pelle
552 807 699 877 Libystidis
711 824 797 863 ursae.

224 879 296 931 ‘Nox
309 879 368 946 ruit,
382 886 409 930 et
422 876 505 930 fuscis
518 877 642 931 tellurem
653 877 824 948 amplectitur
835 876 895 930 alis.

201 948 238 1007 At
249 947 342 1000 Venus
355 946 427 999 haud
440 946 530 999 animo
542 946 726 1017 nequidquam
737 948 864 1003 exterrita
874 953 969 1017 meter,
1001 947 1053 998 37⁰

200 1012 418 1086 Laurentumque
430 1016 513 1069 minis
523 1025 551 1070 et
562 1016 629 1069 duro
641 1024 714 1071 mota
726 1016 843 1071 tumultu
963 1054 966 1059 ,

201 1085 349 1143 Volcanum
362 1086 512 1155 alloquitur,
525 1085 698 1154 thalamoque
711 1086 779 1139 haec
791 1085 912 1157 coniugis
921 1100 1005 1139 aureo

200 1155 304 1225 Incipit,
318 1164 346 1209 et
357 1155 436 1208 dictis
447 1156 570 1209 divinum
581 1155 699 1225 adspirat
711 1171 846 1209 amorem:

202 1225 290 1278 ‘Dum
303 1225 374 1279 bello
385 1224 503 1294 Argolici
515 1225 656 1279 vastabant
669 1225 800 1293 Pergama
813 1241 891 1294 reges

200 1293 299 1347 Debita
310 1311 474 1364 casuraeque
487 1295 602 1349 inimicis
614 1293 720 1363 ignibus
730 1311 815 1365 arces,
1002 1295 1053 1346 375

200 1364 359 1418 Nonnlium
370 1365 504 1417 auxilium
515 1364 628 1433 miserie,
642 1380 694 1416 nun
706 1381 782 1417 arma
795 1365 885 1432 rogari

200 1433 273 1486 Artis
284 1434 396 1503 opisque
409 1443 487 1502 tuae,
505 1450 558 1487 neo
570 1444 604 1502 te,
618 1433 757 1487 carissime
768 1433 893 1504 conjunx,

201 1501 377 1556 Incassumre
390 1511 450 1556 tuos
462 1502 534 1557 volui
546 1519 672 1557 exercere
688 1503 799 1574 iabores,

201 1570 333 1629 Quamvis
345 1581 372 1625 et
385 1572 485 1626 Priami
497 1573 626 1626 deberem
638 1571 755 1642 plurima
765 1572 842 1641 uatis,

202 1640 237 1694 Et
248 1641 347 1695 durum
357 1644 469 1694 Aeneae
481 1642 619 1695 flermsem
631 1658 713 1712 saepe
725 1642 852 1695 laborem.
1003 1643 1054 1693 383

200 1710 284 1765 Nunc
293 1711 368 1764 Joris
379 1710 500 1781 imperiis
511 1711 669 1769 Rutulorum
680 1712 798 1765 constitit
809 1711 878 1764 oris.

201 1779 272 1847 Ergo
284 1779 382 1833 eadem
394 1781 508 1850 supplex
520 1781 605 1851 renio,
618 1789 644 1833 et
656 1789 780 1834 sanctum
794 1779 862 1833 mibi
874 1797 977 1835 numen
1066 1810 1073 1818 ·

201 1850 286 1902 Arma
298 1865 368 1918 rogo,
381 1851 503 1918 genetrix
515 1859 585 1904 nato.
622 1850 663 1902 Ta
673 1850 729 1904 filia
741 1850 832 1919 Nerei,

202 1918 244 1971 Te
255 1920 340 1988 potuit
352 1918 470 1973 lacrimis
480 1919 604 1973 Tithonia
615 1919 725 1973 flectere
737 1919 861 1989 conjunx.

201 1989 310 2057 Aspice,
323 1989 371 2057 qui
383 1995 477 2043 coeant
489 1989 589 2069 populi,
601 2006 671 2060 quae
683 1989 791 2043 moenia
802 1989 902 2044 clausis
961 2000 967 2005 '
1001 1990 1054 2041 385

202 2055 315 2133 Ferrum
326 2068 424 2112 acuant
436 2070 518 2127 portis
530 2061 556 2112 iu
569 2076 614 2112 me
626 2060 815 2130 excidiumque
828 2059 971 2115 meorum!

201 2126 319 2197 Dixerat,
332 2136 360 2180 et
372 2129 458 2181 niveis
469 2127 533 2183 hinc
544 2136 626 2197 atque
638 2127 703 2182 hinc
714 2129 779 2184 dira
790 2129 898 2183 lacertis

202 2196 380 2251 Cunctantem
392 2197 519 2266 amplexu
531 2198 607 2251 mulli
618 2198 699 2251 fovet.
736 2199 784 2252 Ille
798 2207 908 2267 repente
944 2210 947 2215 ’

201 2266 316 2335 Accepit
329 2267 434 2320 solitam
447 2267 596 2336 flammam,
609 2278 742 2337 notusque
754 2267 887 2322 medullas

201 2335 312 2389 Intravit
324 2337 404 2403 calor,
416 2346 444 2389 et
456 2335 591 2391 labefacta
602 2353 651 2406 per
661 2354 723 2390 osea
734 2338 867 2391 cucurrit:
1002 2338 1056 2388 393

201 2405 263 2459 Non
275 2421 355 2459 secus
365 2414 447 2475 atque
458 2406 532 2477 olim,
545 2405 642 2460 tonitru
654 2423 718 2459 curn
731 2417 808 2486 rupta
820 2422 931 2461 corusco

155 2517 161 2523 .
201 2473 285 2543 ignea
298 2474 366 2531 rima
378 2475 483 2528 micans
494 2477 623 2545 percurrit
634 2475 736 2528 lumine
748 2476 863 2530 nimbos.

201 2543 289 2599 Sensit
300 2543 372 2597 laeta
383 2544 451 2597 dolis
463 2554 490 2598 et
502 2545 605 2599 formae
616 2545 723 2598 craecia
734 2545 859 2615 conjunx.

200 2613 273 2667 Tum
285 2623 360 2683 pater
371 2622 481 2667 aeterno
493 2614 563 2668 latur
574 2614 717 2669 devinctus
728 2631 834 2670 amore:

203 2682 287 2742 ‘Quid
300 2699 397 2737 causas
408 2684 478 2753 petis
489 2702 525 2738 ex
535 2685 610 2737 altat
629 2684 727 2737 fiducia
738 2686 820 2739 cessit
1001 2687 1053 2739 335

166 2784 170 2789 -
201 2750 261 2810 Quo
272 2751 329 2820 tibi,
342 2751 413 2820 dira,
426 2754 501 2808 meil
536 2754 637 2809 Similis
648 2755 671 2808 si
683 2772 748 2808 cura
760 2756 862 2824 fuisset,

200 2821 272 2876 'lium
283 2837 391 2892 quoque
403 2822 445 2876 sas
456 2823 532 2877 nobis
544 2824 663 2877 Teucros
673 2841 780 2878 armare
792 2825 897 2890 suisset,

107 2916 113 2923 ·
200 2891 262 2945 Neo
273 2892 353 2946 Pater
363 2892 534 2964 omnipotens
544 2892 654 2963 Troiam
665 2910 718 2948 nec
729 2894 786 2947 iata
797 2894 927 2948 rembaut

158 3052 214 3100 361.
233 3048 342 3108 Carinis,
354 3052 470 3100 between
481 3051 522 3101 the
534 3051 655 3108 Palatino,
667 3050 803 3110 Esquiline,
817 3051 865 3100 and
877 3050 979 3101 Caelian
988 3051 1056 3102 hilis.

124 3112 220 3158 -363.
237 3108 316 3158 Soter
327 3112 361 3170 by
371 3110 414 3159 the
426 3111 494 3160 arsis.
502 3112 593 3158 -368.
610 3110 753 3173 Libystidis.
785 3111 833 3158 See
849 3120 874 3161 at
885 3124 909 3159 v.
920 3114 1056 3162 st.-372.

124 3167 221 3225 Aureo,
234 3184 250 3216 a
260 3169 510 3229 dissyllabis-375.
527 3169 620 3226 Debita,
634 3168 746 3218 destined
758 3177 783 3217 tc
793 3168 938 3219 salt-eea.
954 3169 1055 3228 Thetis,

124 3226 177 3278 dau
197 3227 252 3276 liter
262 3227 291 3276 of
304 3229 346 3276 the
357 3229 461 3290 sea-god
474 3229 582 3286 Nereus,
595 3228 643 3276 had
653 3228 768 3277 obtained
779 3229 841 3277 srorn
852 3227 948 3278 Vulcan
959 3242 1058 3279 armour

125 3285 166 3337 for
177 3244 222 3336 der
232 3287 412 3357 sonAchilies,
426 3289 473 3338 and
485 3291 582 3338 Aurora
597 3296 647 3342 (see
664 3297 687 3336 at
700 3286 732 3336 iv.
744 3291 799 3344 585)
815 3288 853 3339 t‘or
862 3289 908 3338 her
916 3304 962 3337 son
973 3287 1056 3356 Mem·

123 3361 187 3397 nou.
219 3344 268 3394 See
279 3361 295 3395 r.
306 3350 459 3397 teu-ecs.
474 3347 568 3410 Troy‘rr
583 3346 657 3398 doctu
672 3345 745 3397 could
753 3357 798 3399 not
813 3348 845 3399 be
859 3347 969 3406 averted,
981 3348 1056 3397 butri

125 3403 514 3518 mighthpgqbeenpostpcned.
608 3472 624 3522 2

753 3522 770 3555 .,
