2242 3826
489 201 652 252 sslfflltsse.

179 331 342 400 Crediderat,
355 329 486 400 coeloque
497 328 620 384 animum
632 328 744 383 sonasse
756 327 874 400 ferebat,
943 346 948 351 ·

108 444 113 455 .
178 402 366 472 canitiemque
378 399 428 454 sibi
441 409 469 452 ct
480 400 572 467 longos
584 398 742 468 promiserat
752 414 892 468 auuos3-

179 472 322 542 Tarquitus
339 469 476 522 exsultans
488 478 579 522 contra
591 466 756 536 fulgentibus
767 468 856 537 armis,
975 471 1020 523 550

31 604 36 615 ,
180 540 319 594 silvicolae
332 538 424 593 Fauno
436 540 542 608 Dryope
553 554 635 607 quem
648 537 769 606 nympha
780 543 892 607 crearat,

92 614 98 619 '
178 611 281 665 Obvius
292 608 395 662 ardenti
405 625 466 661 sese
478 607 582 661 obtulit.
618 605 667 659 ille
680 607 792 659 reducta

179 680 302 733 Loricam
314 678 449 747 clipeique
462 677 555 745 iugens
567 693 634 731 onus
646 676 757 745 impedit
769 676 847 728 hasta
854 691 862 743 3
989 729 995 742 ,

179 750 250 803 Tum
263 756 344 817 caput
355 746 455 801 orantis
466 744 649 815 nequidquam
662 754 688 797 et
701 745 918 814 mutuparantir

178 818 275 872 Dicere
285 816 410 870 deturbat
422 826 515 884 terrae,
529 826 705 884 truncumque
719 822 856 884 tepentem
975 817 1021 867 555

179 887 341 941 Provolvens
352 902 433 954 super
444 883 513 938 haec
525 883 634 937 inimico
646 893 753 953 pectore
766 883 853 937 satur:

181 956 258 1010 ‘Istic
270 971 348 1024 nunc,
361 952 515 1022 metuende,
527 952 597 1024 jace.
633 953 693 1006 Nou
705 966 732 1006 te
744 953 846 1022 optima
855 959 942 1006 mater

179 1025 281 1080 Condet
293 1024 384 1093 huma,
397 1023 535 1093 patrioque
547 1022 667 1076 onerabit
678 1022 802 1076 membra
813 1021 968 1093 sepulchro:

179 1093 295 1149 Alitibus
307 1093 428 1163 linquere
440 1093 511 1161 ieris,
524 1101 571 1145 aut
582 1092 685 1160 gurgite
697 1108 818 1145 mersum

178 1164 258 1218 Unda
270 1163 345 1233 feret,
358 1163 501 1232 piscesque
513 1162 622 1231 impasti
637 1160 745 1214 vulnera
756 1160 894 1214 lambent!
976 1165 1025 1216 560

179 1235 302 1288 Protinus
312 1236 446 1287 Antaeum
459 1241 487 1284 et
498 1231 609 1301 Lucam,
621 1230 708 1300 prima
718 1233 826 1298 agmina
837 1230 930 1301 Turni,

179 1303 359 1374 Persequitur,
373 1301 522 1369 fortemque
534 1301 662 1368 Numam,
675 1300 835 1370 fulvumque
847 1301 1007 1373 Camertem,

179 1372 353 1442 Magnanimo
366 1370 508 1425 Volsoente
521 1380 617 1438 satum,
630 1369 780 1423 ditissimus
790 1370 847 1439 agri

178 1443 232 1502 Qui
244 1443 296 1496 luit
308 1439 483 1510 Ausouidum,
496 1449 524 1492 et
536 1440 626 1493 tacitis
638 1439 759 1507 regnavit
770 1439 901 1510 Amyclis.
991 1471 995 1476 -

179 1514 306 1581 Aegaeon
318 1509 413 1580 qualis,
425 1517 535 1563 centum
548 1510 591 1562 cui
603 1508 712 1563 brachia
723 1508 817 1562 dicunt
978 1513 1028 1566 565

178 1582 365 1648 Centenasque
377 1596 482 1648 manus,
495 1579 688 1648 quinquaginta
699 1577 789 1632 oribus
801 1579 892 1647 iguem

178 1649 387 1717 Pectoribusque
399 1649 503 1717 arsisse,
515 1649 591 1702 Jovis
601 1664 664 1701 cum
676 1646 789 1701 fulmina
800 1659 893 1703 contra

180 1719 231 1773 Tot
242 1717 352 1789 paribus
363 1726 493 1787 streperet
504 1717 605 1787 clipeis,
619 1726 656 1770 tot
668 1717 810 1785 stringeret
821 1735 918 1775 enses:

107 1828 109 1835 .
180 1789 224 1842 Sic
236 1797 289 1841 toto
300 1789 410 1841 Aeneas
421 1787 543 1841 desaevit
555 1787 583 1840 in
594 1801 710 1856 aequore
721 1787 805 1839 victur
1100 1844 1101 1849 η

180 1859 216 1912 Ut
228 1857 314 1912 semel
325 1857 438 1927 intepuit
450 1873 552 1911 mucro.
588 1856 658 1915 Quin
670 1873 736 1909 ecce
747 1826 865 1926 Niphaei
980 1865 1034 1915 570

180 1927 351 1996 Quadrijugis
363 1927 389 1979 in
402 1942 486 1995 equos
497 1925 665 1995 adversaque
677 1934 785 1995 pectora
797 1927 891 1982 tendit.
1061 1986 1064 1991 ,

181 1999 271 2066 Atque
283 1996 328 2065 illi,
341 1995 420 2063 longe
431 1994 600 2064 gradientem
612 2004 639 2047 et
650 1994 709 2048 dira
720 1994 882 2052 frementem
969 2044 974 2049 ,
1100 2026 1101 2041 r

182 2067 218 2119 Ut
230 2065 330 2133 videre,
344 2075 417 2119 metu
430 2065 499 2117 versi
513 2074 635 2132 retroque
648 2072 757 2118 ruentes
1100 2050 1101 2093 l

182 2134 384 2202 Effunduutque
396 2133 505 2201 ducem,
517 2151 545 2186 ra
564 2134 673 2202 iuutque
685 2134 720 2187 ad
732 2133 809 2188 litora
820 2152 921 2190 currus.

180 2205 287 2259 Interea
298 2202 395 2272 bijugis
406 2203 486 2256 infert
499 2220 529 2255 ue
541 2151 665 2270 Lucagus
676 2203 746 2256 albis
981 2213 1036 2262 575

181 2274 212 2327 lu
224 2271 337 2340 medios,
349 2271 484 2342 fraterque
497 2272 576 2340 Liger
583 2289 591 2340 3
610 2272 658 2327 sed
671 2272 754 2325 frater
765 2272 881 2328 habenis

182 2341 280 2396 Flectit
291 2357 381 2410 equos,
394 2342 516 2397 strictum
530 2349 595 2394 rotat
607 2358 670 2394 acer
681 2342 805 2411 Lucagus
816 2360 920 2401 ensem.

182 2410 260 2465 Haud
274 2411 333 2464 tulit
344 2412 453 2464 Aeneae
466 2419 538 2464 tanto
550 2409 652 2463 fervore
665 2410 794 2467 furentis:

106 2516 110 2527 ·
175 2481 267 2550 irruit,
279 2480 447 2549 adversaque
459 2480 555 2548 ingens
565 2479 688 2550 apparuit
699 2479 786 2537 hasta.

181 2550 232 2605 Cui
244 2549 338 2618 Liger:
985 2558 1038 2609 580

184 2622 259 2674 ‘Non
271 2616 410 2674 Diomedia
421 2634 512 2688 equos,
526 2634 578 2672 nec
588 2634 696 2673 currum
709 2619 798 2674 cernis
809 2621 920 2694 Achilli,

182 2692 237 2744 Aut
250 2687 381 2757 Phrygiae
393 2703 519 2758 campos:
539 2704 611 2741 nunc
622 2687 688 2741 belli
698 2688 760 2742 finis
771 2698 800 2743 et
810 2692 872 2746 aevi

182 2759 231 2813 His
242 2757 348 2811 <labitur
359 2757 453 2811 terris.²
490 2757 596 2810 Vesano
608 2756 671 2811 talia
681 2756 737 2810 late
794 2783 797 2788 ·

182 2828 260 2881 Dicta
271 2825 361 2880 volant
372 2825 469 2894 Ligeri.
506 2825 557 2879 Sed
570 2842 621 2880 uon
633 2834 661 2880 et
672 2826 771 2881 Troius
781 2826 861 2882 heros

183 2897 261 2950 Dicta
272 2903 347 2966 parat
358 2904 464 2963 contra3
481 2894 602 2964 jaculum
613 2912 677 2949 nam
690 2903 794 2965 torquet
805 2898 832 2952 iu
844 2898 965 2956 huelem.
987 2905 1044 2957 585

183 2966 308 3034 Lucagus
319 2973 349 3018 ut
360 2980 458 3033 pronus
469 2963 590 3033 pendens
601 2965 627 3021 iu
641 2964 754 3019 verbera
764 2966 819 3020 telo

109 3092 113 3095 “
143 3091 197 3137 553,
213 3087 312 3156 Impedit
323 3101 404 3154 seems
415 3095 441 3133 to
452 3085 513 3132 have
529 3085 571 3132 the
582 3085 671 3134 double
682 3086 797 3148 meaning
813 3089 847 3144 of,
859 3089 913 3151 figit
924 3102 952 3142 et
965 3094 1042 3143 inuti·
1100 3008 1101 3077 1

114 3146 162 3196 lem
174 3146 261 3203 reddit,
274 3145 303 3193 os
315 3145 395 3193 which
407 3144 448 3192 the
459 3143 511 3192 first
523 3144 625 3212 balonga
642 3156 667 3192 to
678 3148 781 3201 loricam.
795 3148 843 3196 und
853 3150 896 3198 tlre
907 3154 1007 3203 second
1018 3165 1045 3213 to
1100 3152 1101 3161 ’

113 3208 184 3267 clipei
192 3208 357 3273 anua-5563.
380 3202 795 3310 V⁰²⁸⁶id0⁶qe1saeffigg7⁰sss⁵⁶4⁶
810 3207 935 3315 A'ggdoe’
949 3227 988 3281 qn·
1001 3213 1044 3261 the

114 3263 349 3389 oghdllflllihllplelllls’.
359 3270 476 3389 lhslr‘lat
492 3279 515 3369 il
524 3297 668 3370 97:486:
677 3281 805 3381 Pee'gpeepg.
818 3284 885 3375 duc.e
901 3273 1046 3379 galbulae:

115 3376 267 3482 {desilii
276 3377 525 3499 dllpllllliililt
535 3380 712 3501 iriehl‘iaimd
728 3397 760 3431 ⁰¹¹
775 3384 818 3433 ‘¹¹⁰
828 3383 915 3436 horres
926 3390 995 3440 Μ’
1006 3389 1047 3439 ¹¹³⁸
