2320 3744
467 189 652 235 emulcet«.

168 320 227 375 licc
237 319 293 391 nbi,
304 335 358 374 non
369 336 386 373 s
398 319 480 390 stirpe
491 320 583 374 volent
594 334 747 389 caeseeqne
759 318 858 374 reverti

169 391 292 461 Possunt,
304 398 387 460 atque
399 389 456 443 ima
467 389 570 443 similes
580 388 746 442 revirescere
757 396 828 443 terra
834 405 844 458 3

168 460 268 515 Infelix
278 467 385 529 superat
397 458 467 512 foliis
477 460 592 514 oleaster
602 461 709 512 amaris.

203 530 263 584 Nec
276 530 323 584 tibi
337 537 390 583 tarn
403 528 521 599 prudens
531 529 674 598 quiequam
687 528 847 597 persuadeat
858 533 948 582 auctor
969 531 1022 583 313

168 597 309 652 Tellurem
320 599 405 652 Borea
418 597 530 666 rigidam
542 598 659 666 spirante
670 613 791 650 movere.

168 668 239 722 Rura
250 669 313 738 gelu
325 676 382 722 tum
395 666 497 721 claudit
509 666 597 720 biems
604 682 612 735 5
630 682 681 719 nec
692 665 798 720 semine
808 664 880 737 jacto

168 738 327 792 Concretam
340 737 440 808 patitur
451 736 572 789 radicem
582 735 702 803 adfigere
713 742 809 791 terrae.

167 807 275 875 Optima
286 806 385 861 vinetis
395 805 471 871 satio,
483 821 547 858 curn
558 820 623 857 vere
634 804 739 858 rubenti

168 874 288 931 Candida
300 876 375 929 venit
385 875 446 928 avis
457 875 543 942 longis
554 873 643 928 invise
653 872 785 943 colubris;
967 876 1021 928 323

168 944 259 997 Prima
270 942 314 997 rel
325 945 447 998 autumni
460 944 512 997 sub
523 942 628 1012 frigora,
641 959 706 996 cum
717 942 827 1013 rupidus
838 941 882 997 Sol

168 1013 295 1069 Nondum
307 1013 427 1068 hiemem
439 1012 568 1081 contingit
580 1012 664 1081 equis,
676 1011 734 1082 jem
744 1012 872 1082 praeterit
883 1018 982 1067 aestas

168 1083 223 1135 Ver
233 1083 302 1136 adeo
314 1083 399 1137 frondi
411 1098 559 1151 nemorum,
572 1098 620 1134 rer
631 1081 697 1135 utile
709 1081 782 1135 silvis
789 1097 798 1151 ;

168 1152 238 1204 Vere
251 1160 355 1206 tument
367 1161 454 1207 terrae
465 1159 492 1205 et
503 1149 630 1220 genitalia
641 1150 745 1204 semine
756 1158 878 1220 possum.

51 1222 60 1237 '
167 1222 240 1274 Turn
252 1232 327 1292 peter
337 1222 505 1292 omnipotens
517 1219 641 1274 fecundis
651 1219 782 1275 imbribus
793 1219 896 1274 Aether
966 1223 1021 1274 323

168 1289 293 1360 conjugis
305 1292 331 1344 in
344 1293 476 1360 gremium
489 1290 578 1343 laetae
588 1288 738 1358 descendit,
752 1297 779 1343 et
791 1289 880 1345 omnis

167 1360 287 1429 Magnus
297 1361 353 1431 elit,
366 1377 463 1429 magno
474 1359 637 1414 commixtus
648 1374 764 1429 corpore,
778 1358 859 1412 fetus.

132 1468 140 1477 .
168 1431 238 1483 Avia
251 1439 308 1483 turn
320 1439 443 1484 resonent
453 1429 550 1483 aribus
560 1428 674 1497 virgulta
685 1428 796 1497 cancris,

168 1498 203 1551 Et
215 1498 351 1551 Venerem
363 1499 444 1552 certis
456 1506 578 1568 repetunt
590 1505 712 1551 armentu
723 1497 835 1567 diebus3

167 1567 281 1621 Parturit
292 1568 380 1621 ulmus
391 1584 462 1637 ager,
475 1568 644 1638 Zephyrique
656 1567 810 1637 tepentibus
821 1566 895 1621 auris
967 1570 1022 1621 330

168 1635 273 1691 Luxent
283 1653 348 1689 srva
359 1637 449 1705 sinus3
467 1644 576 1707 superat
587 1645 663 1690 tener
673 1636 798 1691 omnibus
808 1635 919 1707 humum

168 1705 254 1775 Inque
265 1722 349 1760 novos
359 1706 430 1759 soles
441 1705 542 1760 sudent
554 1723 584 1759 se
595 1705 718 1774 germina
729 1713 786 1760 luto

168 1775 301 1845 Credere3
319 1791 370 1828 nec
381 1777 478 1830 metuit
489 1777 622 1844 surgentis
633 1775 775 1846 pampinus
787 1778 907 1846 Austros,

167 1846 224 1899 Aut
236 1855 327 1899 actum
340 1846 416 1898 coelo
427 1845 533 1913 magnis
545 1847 570 1898 A
590 1843 725 1899 uilcnibus
735 1844 859 1914 imbrem,

168 1914 221 1967 Sed
233 1914 314 1969 trudit
325 1931 458 1985 gemmus,
471 1923 499 1968 et
510 1861 620 1968 frondes
631 1914 748 1984 explicat
759 1914 856 1969 omnis.
968 1917 1023 1968 333

168 1982 229 2037 Non
241 1984 309 2038 alios
320 1984 405 2053 prims
416 1984 563 2037 crescentis
574 1984 675 2052 origine
688 1982 782 2037 mundi

169 2051 294 2106 illuxisse
306 2054 366 2106 dies
376 2053 496 2107 aliumve
509 2053 635 2107 habuisse
647 2061 767 2107 tenorem

168 2120 350 2175 Crediderim:
368 2139 417 2175 ver
428 2123 493 2176 illud
506 2131 563 2176 erat
570 2138 579 2192 ;
597 2139 645 2176 ver
655 2138 771 2190 magnus
781 2121 881 2191 agebat

169 2190 255 2260 Orbis,
268 2200 296 2243 et
309 2190 428 2245 hibernis
439 2192 585 2261 parcebant
596 2191 706 2245 fletibus
717 2192 790 2260 Euri,

170 2260 238 2315 Cum
250 2261 353 2329 primae
366 2260 454 2315 lucem
465 2260 585 2331 pecudes
595 2260 718 2331 hausere,
731 2260 874 2331 virumque
968 2263 1025 2317 340

170 2328 271 2382 Tenea
281 2329 421 2399 progenies
431 2329 507 2384 duris
517 2338 599 2401 ceput
610 2330 705 2385 extulit
716 2330 795 2401 arvis,

170 2397 367 2468 immissusque
379 2398 453 2454 ferse
465 2400 540 2454 silvis
551 2409 578 2453 et
590 2399 679 2452 sidere
690 2399 774 2452 coelc.

169 2467 231 2523 Nec
242 2484 286 2522 res
296 2466 369 2521 hunc
380 2475 489 2523 tenerae
500 2476 610 2538 possent
622 2468 740 2538 perferre
751 2468 881 2539 laborem,

170 2536 197 2589 Si
209 2553 261 2590 non
274 2546 347 2591 tante
358 2537 436 2606 quies
447 2537 497 2592 iret
508 2537 647 2607 frigusque
658 2538 831 2607 caloremque

170 2605 249 2676 Inter,
263 2616 290 2661 et
302 2607 438 2676 exciperet
449 2606 517 2660 coeli
529 2606 696 2675 indulgentie
707 2615 800 2662 terres.
969 2609 1024 2660 343

205 2674 282 2733 Quod
295 2684 425 2745 superest,
435 2692 622 2745 quascumque
634 2691 742 2746 premes
750 2676 864 2746 virgulta
875 2692 924 2746 per
933 2690 1024 2749 agros,

171 2743 236 2812 Spar
254 2761 270 2797 e
281 2743 345 2799 fimo
357 2745 457 2814 pingui,
470 2754 498 2798 et
511 2746 599 2801 mults
609 2761 715 2798 mernor
724 2747 820 2800 occule
832 2756 916 2812 terrs3

93 2852 96 2858 ,
171 2815 226 2866 Aut
266 2813 357 2882 pidem
369 2814 499 2885 bibulum,
511 2823 558 2868 aut
571 2814 719 2883 squalentis
730 2814 821 2869 infode
833 2815 950 2870 conchas
957 2831 966 2883 5

170 2882 243 2936 Inter
254 2883 327 2939 enim
339 2883 463 2937 lebenter
473 2900 574 2953 equae,
582 2884 724 2954 tenuisque
736 2885 836 2940 subibit

171 2951 285 3023 Halitus,
294 2963 376 3022 atque
384 2952 489 3007 animos
496 2953 665 3006 tollentsuts.
683 2955 800 3023 Jamque
812 2951 917 3025 reperti,
970 2955 1026 3007 350

171 3020 224 3079 Qui
236 3037 301 3076 sexo
312 3038 393 3091 super
403 3029 430 3076 st
450 3038 485 3075 ne
497 3022 612 3090 ingentis
623 3022 740 3092 pondere
753 3030 840 3077 tentus

171 3088 322 3156 Urgnerent
329 3107 337 3157 3
355 3092 406 3144 boc
418 3107 433 3144 e
457 3107 519 3153 usos
531 3092 670 3146 munimen
681 3091 716 3147 ad
728 3092 830 3163 imbris,

92 3178 97 3187 ·
168 3156 234 3225 Hoc,
246 3157 293 3210 ubi
304 3158 396 3213 hiulca
406 3160 450 3213 siti
462 3160 539 3214 findit
550 3161 627 3214 oanis
636 3160 748 3215 aestifer
758 3178 831 3216 arva.

102 3244 1031 3268 0-—--...-.......-.....-..-....-...........-.

58 3332 60 3337 «
93 3326 98 3329 -
132 3288 247 3366 ctu-itm.
271 3299 310 3369 He
328 3300 388 3369 then
405 3301 489 3350 shows
508 3303 549 3351 the
567 3305 622 3352 best
641 3320 731 3354 sesscn
749 3304 890 3366 lorplautiu
909 3342 916 3363 ‚
933 3305 1031 3359 wiron

102 3355 211 3417 flowing
220 3356 367 3417 description
377 3360 405 3428 cf
412 3361 460 3420 spr'
497 3365 649 3414 .-343-357.
662 3363 801 3415 Directious
809 3381 837 3416 es
847 3373 894 3415 tot
938 3376 1031 3427 proper

102 3425 172 3476 steps
182 3425 209 3464 tc
219 3416 251 3467 be
261 3416 337 3466 taken
346 3417 434 3480 during
443 3435 475 3469 an
501 3419 691 3485 efterplant‘mg.
