2320 3744
510 251 604 292 arear.
623 253 668 293 111.
996 216 1049 294 iol

192 379 358 451 Lappaeque
370 378 511 449 triboliquo
523 381 612 434 absint
619 397 627 450 3
645 380 709 450 fuge
724 381 820 450 pabula
832 381 904 435 laeta
911 397 920 452 3
998 386 1050 436 ³85

190 451 377 519 Continuoque
386 466 485 518 ¹greges
497 450 569 503 villis
581 451 641 519 lege
653 452 780 513 mollibus
792 451 877 506 albos.

193 519 274 573 Illum
285 528 387 588 autem,
400 520 525 587 quamvis
536 520 606 572 aries
617 521 651 573 sit
664 522 795 574 candidus
806 522 873 594 ipse,

193 589 277 668 Nigra
288 589 380 642 subest
392 590 446 641 udo
458 596 563 642 tantum
575 590 619 642 oui
632 590 722 658 lingua
733 591 831 663 palato,

191 657 294 728 Rejice,
307 675 342 711 ne
353 658 471 711 maculis
482 657 597 711 infuscet
610 659 711 713 vellere
724 659 804 730 pullis

192 728 369 797 Nascentum,
382 728 516 797 plenoque
527 727 612 781 alium
623 729 799 808 circumspice
811 746 917 800 campo.
996 737 1048 796 390

192 797 308 852 Munere
320 796 360 850 sic
371 797 450 850 niveo
462 797 549 868 lanae,
562 799 585 850 si
596 797 706 851 credere
718 799 831 868 dignum
842 809 891 871 est,

192 866 257 937 Pau,
271 866 339 920 deus
351 867 492 936 Arcadiae,
504 876 612 938 captam
624 875 660 938 tc,
673 868 757 940 Luna,
770 868 874 938 fefellit,

192 937 224 991 ln
235 950 347 991 nemora
357 936 412 989 alta
422 952 540 1006 vocans,
558 954 610 991 nee
622 949 651 990 tu
661 946 803 1008 aspernata
815 947 968 999 vocantem.

227 1009 264 1061 Ar
275 1006 319 1060 cui
330 1005 408 1059 lactis
418 1022 500 1078 amor,
513 1007 631 1076 cytisum
643 1007 764 1078 lotosque
776 1008 925 1078 frequentis

192 1076 253 1146 lpse
265 1092 348 1130 mauu
361 1075 499 1146 salsasque
510 1076 579 1131 ferat
590 1078 764 1157 praesepibus
774 1078 880 1134 herbas.
994 1087 1046 1138 ³95

191 1146 262 1199 llino
274 1154 301 1198 et
314 1154 405 1199 amant
417 1145 513 1198 fluvios
525 1163 619 1216 magis,
632 1158 660 1200 et
672 1148 759 1216 magis
772 1149 857 1203 ubera
870 1150 992 1225 tendunt,

192 1216 227 1269 Et
239 1215 305 1269 salis
315 1215 452 1268 occultum
464 1215 582 1270 referunt
594 1216 621 1270 in
633 1215 703 1270 lacte
716 1234 847 1285 saporem.

191 1285 273 1339 Multi
283 1283 339 1355 jam
352 1294 475 1339 excretos
487 1284 628 1355 prohibent
639 1303 656 1338 a
668 1286 799 1340 matribus
810 1287 920 1361 haedos,

191 1355 334 1424 Primaque
346 1355 450 1408 ferratis
461 1355 612 1424 praefigunt
624 1372 670 1408 ora
681 1356 812 1425 capistris.

191 1424 268 1484 Quod
281 1432 407 1493 surgente
419 1423 465 1477 die
476 1424 594 1477 mulsere
607 1425 733 1494 horisque
745 1425 853 1496 diurnis,
991 1436 1045 1486 400

190 1495 277 1548 Nocte
289 1502 428 1564 premunt,
446 1493 517 1564 quod
528 1493 584 1563 jam
597 1495 715 1553 tenebris
726 1504 754 1548 et
766 1495 822 1548 sole
833 1496 957 1571 cadente,

190 1563 246 1618 Sub
257 1564 350 1618 lucem
361 1571 503 1633 exportans
514 1563 628 1616 calathis
639 1564 695 1618 adit
707 1565 805 1634 oppida
817 1576 906 1635 pastor
912 1586 921 1639 5

190 1637 246 1689 Aut
257 1649 338 1704 parco
350 1633 407 1686 sale
418 1635 574 1702 contingunt
587 1633 723 1704 hiemique
736 1645 875 1704 reponunt.

225 1705 286 1759 Nec
298 1702 346 1757 rita
357 1720 422 1756 cura
434 1719 533 1756 canum
544 1702 624 1756 suerit
636 1714 776 1772 postrema,
790 1705 839 1758 sen
850 1724 905 1762 una

189 1772 299 1827 Velocis
310 1773 419 1842 Spartae
431 1773 534 1825 catulos
545 1789 690 1842 acremque
704 1773 852 1829 Molossum
992 1774 1044 1833 4'05

189 1842 277 1897 Pasce
289 1858 348 1896 sero
360 1842 462 1913 pingui.
497 1843 664 1911 Numquam,
677 1844 835 1898 custodibus
847 1845 907 1917 illis,

188 1913 358 1967 Nocturnum
369 1910 482 1965 stabulis
493 1910 582 1964 furem
594 1911 770 1982 incursusque
783 1913 915 1988 luporum,

188 1985 246 2037 Aut
257 1983 406 2051 impacatos
416 1998 432 2033 a
445 1993 519 2048 tergo
532 1979 652 2035 horrebis
663 1982 785 2036 Hiberos.

187 2051 275 2123 Saepe
287 2051 369 2104 etiam
381 2051 583 2119 oursutimidoa
594 2052 708 2119 agitabis
719 2069 838 2124 onagros,

188 2122 224 2176 Et
236 2121 349 2174 canibus
360 2120 488 2189 leporem,
501 2120 615 2173 canibus
626 2123 761 2175 venabere
773 2122 869 2179 damas
876 2140 885 2196 5
990 2129 1044 2180 41⁰

187 2190 276 2261 Saepe
287 2189 434 2244 volutabris
446 2190 537 2260 pulsos
550 2189 717 2245 silvestribus
728 2209 807 2262 apros

187 2261 300 2314 Latratu
310 2259 432 2314 turbabis
443 2276 535 2330 agens,
548 2259 701 2330 montisque
713 2278 761 2332 per
772 2262 840 2315 altos

187 2331 331 2399 Ingentem
344 2329 462 2383 clamore
474 2346 582 2400 premes
593 2328 628 2383 ad
641 2330 707 2383 retia
718 2348 839 2385 cervum.

223 2399 304 2452 Disce
316 2406 345 2452 et
355 2399 494 2453 odoratam
506 2398 619 2452 stabulis
630 2400 779 2454 accendere
790 2402 909 2473 cedrum,

187 2469 381 2539 Galbaneoque
393 2470 494 2537 agitare
506 2469 594 2536 gravis
607 2468 699 2523 nidore
711 2470 863 2591 chelprlros.¹
981 2476 1044 2527 416

186 2538 275 2608 Saepe
287 2538 340 2593 sub
352 2538 471 2591 immotis
482 2537 657 2608 praesepibus
668 2551 714 2592 aut
725 2557 770 2592 ma
781 2557 797 2591 a
810 2548 884 2594 tactu

187 2609 287 2678 Vipera
299 2607 405 2662 delituit
417 2606 579 2676 caelumque
591 2609 717 2660 exterrita
728 2608 814 2678 lugit5

186 2681 244 2733 Aut
255 2686 328 2731 tecto
341 2677 471 2731 adsuetus
483 2675 593 2730 coluber
605 2677 751 2730 succedere
763 2685 791 2731 et
802 2677 923 2750 umbrae,

186 2747 277 2801 Pestis
287 2747 386 2801 acerba
397 2747 488 2816 boum,
501 2747 644 2816 pecorique
657 2747 819 2816 adspergere
830 2750 912 2820 virus,

186 2817 265 2871 Fovit
277 2817 400 2870 humum.
425 2817 498 2886 Cape
511 2833 576 2870 saxa
584 2833 675 2886 manu,
684 2833 752 2886 cape
764 2817 864 2890 robora,
875 2827 973 2891 pastor,
991 2825 1044 2875 420

186 2885 396 2956 Tollentemque
408 2886 496 2940 minas
507 2896 535 2939 et
547 2885 625 2938 sibila
637 2886 706 2939 colla
717 2895 869 2941 tumentem

186 2955 293 3025 Dejioe.
329 2957 446 3026 Jamque
458 2955 524 3023 fuga
535 2955 660 3010 timidum
673 2965 753 3026 caput
764 2957 867 3012 abdidit
878 2958 942 3030 alte,
961 3012 965 3021 ,

186 3027 258 3081 Cum
268 3025 354 3080 medii
364 3042 453 3079 nexus
463 3032 654 3106 extremaeque
666 3026 775 3094 agmina
786 3026 892 3081 caudae

187 3095 338 3165 Solvuntur,
352 3095 426 3148 tardo
461 3111 495 3148 ue
508 3093 587 3149 trahit
598 3112 675 3150 smus
686 3094 798 3150 ultimus
809 3096 890 3151 orbis.

187 3167 238 3220 Est
250 3165 334 3220 etiam
345 3164 391 3218 ille
402 3182 449 3218 ma
460 3172 493 3218 us
504 3164 623 3218 Calabris
634 3166 662 3219 in
674 3164 787 3218 saltibus
797 3166 901 3238 anguis,
990 3173 1043 3224 42⁵

187 3236 326 3305 Squamea
337 3233 501 3289 convolvens
511 3234 616 3288 sublato
629 3243 736 3305 pectore
750 3244 833 3306 terga,

146 3386 264 3436 ³94-403.
280 3382 420 3432 Directions
431 3391 458 3431 to
468 3380 540 3430 those
550 3380 607 3430 who
622 3380 739 3430 cultivate
755 3379 831 3441 sheep
841 3381 879 3429 for
889 3381 932 3430 the
943 3381 1003 3430 sake
1014 3378 1044 3430 ot*

117 3445 162 3495 tha
176 3443 412 3495 mita-torma.
428 3440 485 3492 The
501 3455 556 3493 care
572 3438 620 3491 aud
635 3455 693 3492 uses
709 3438 738 3490 of
754 3439 987 3503 (κει-414439.
1003 3436 1045 3489 Το

117 3507 217 3557 bevere
224 3501 390 3618 pitserpeuts.
471 3514 474 3519 ·
616 3523 618 3531 ν
873 3524 877 3530 ‹
1041 3506 1046 3513 ’
