2242 3826
113 220 178 291 ’888
492 240 662 287 murone.

185 374 296 446 Jupiter,
310 375 396 446 inque
403 386 484 427 omen
496 370 627 426 Iuturnae
638 376 778 426 occurrere
788 371 879 442 juedt.
913 426 917 439 ,

183 444 327 514 Illavolat,
339 443 477 513 celerique
489 441 524 494 ad
537 453 635 494 terram
647 440 754 494 turbine
766 441 859 498 fertur.
920 475 923 480 ·
985 448 1029 501 855

182 515 243 569 Neu
256 532 343 584 aeone,
356 530 391 567 ac
402 529 483 566 nervo
495 528 542 580 per
554 510 655 564 nubem
667 510 783 580 impulse
794 515 901 585 sagitta,

183 587 325 638 Armatam
338 584 412 636 saevi
426 581 549 649 Parthus,
562 597 645 649 quem
656 580 721 633 felle
733 584 841 653 ueneni,

182 653 305 724 Parthus,
317 654 376 707 eive
389 651 490 723 Cydon,
504 650 588 703 telum
600 650 812 720 immedicabile,
826 653 908 726 torsit,
960 706 964 713 ‚

182 723 302 778 Stridens
312 732 340 776 ct
351 722 448 776 celeris
459 720 595 788 incognite
605 720 718 773 transilit
729 721 855 776 umbrae:

182 791 258 846 Talis
269 810 300 847 ee
311 800 369 847 eata
380 793 468 847 Nocte
479 791 547 859 tulit,
561 798 697 858 terraeque
708 790 814 859 petivit.

181 861 329 932 Postquam
339 861 414 914 ecies
427 860 500 913 videt
511 860 609 913 Iliacae
619 866 702 928 atque
712 861 822 927 agmina
833 861 927 933 Turni,

182 931 263 985 Alitis
274 931 301 984 in
314 946 413 1001 parvae
426 930 545 983 eubitcm
556 927 670 981 collecta
681 928 735 997 ilgu

181 1000 258 1059 Quae
269 999 405 1070 quondam
417 999 444 1051 in
456 998 545 1052 brutis
553 1007 602 1051 aut
613 997 777 1052 culminibus
854 1000 904 1054 rtie
1089 956 1094 1131 4

181 1069 268 1123 Nocte
281 1070 380 1123 eedene
391 1082 482 1123 uerum
494 1069 566 1121 canit
578 1068 728 1138 importune
739 1085 788 1137 per
799 1069 926 1141 umbrue3

181 1137 259 1193 Hanc
271 1156 350 1193 versa
363 1139 387 1192 in
401 1138 501 1195 laoiem
512 1138 596 1191 Turni
608 1136 838 1206 eepeetiaobore
983 1144 1028 1193 868

182 1207 300 1279 Fertque
310 1207 446 1278 refertque
458 1222 563 1276 conane,
576 1206 749 1277 clipeumque
761 1208 902 1262 everberat
913 1208 972 1265 ulle„

180 1277 223 1331 Illi
236 1279 359 1332 membra
369 1294 455 1331 novus
467 1277 546 1330 solvit
557 1276 699 1330 formidine
711 1286 806 1346 torpor,

181 1350 293 1401 Arrecte
330 1365 364 1401 ue
373 1347 478 1399 horrore
490 1362 594 1416 comae,
607 1354 635 1399 et
647 1362 698 1399 vox
711 1346 836 1400 faucibus
844 1345 943 1403 haedo.
957 1372 961 1381 ·

181 1419 218 1470 At
260 1433 320 1470 rocu
346 1425 374 1469 nt
386 1417 465 1469 Dirae
478 1416 617 1470 stridorem
628 1417 737 1484 agnovit
749 1425 776 1469 et
787 1417 852 1487 alne

180 1435 279 1540 Inlelix
291 1486 371 1539 crinis
381 1486 477 1538 scindit
490 1487 602 1540 Juturue
613 1485 721 1553 solutos,
982 1490 1030 1540 87⁰

179 1554 321 1624 Unguibus
332 1571 378 1608 ora
389 1571 460 1608 eoror
471 1554 586 1608 foedans
595 1563 623 1608 et
634 1564 742 1624 pectora
753 1555 866 1624 pugnis:

184 1623 269 1682 ‘Quid
282 1642 353 1677 nune
366 1632 392 1677 te
405 1634 458 1692 rua,
471 1625 570 1692 Turne,
583 1632 670 1694 poteet
681 1641 811 1692 germana
820 1623 936 1694 juvarer

181 1696 236 1747 Aut
247 1693 312 1764 quid
324 1693 381 1764 jam
392 1692 476 1748 durae
488 1703 597 1763 euperat
608 1693 696 1747 mihil
714 1710 769 1764 qua
779 1694 828 1747 tibi
839 1694 933 1750 lucem

180 1765 246 1817 Arte
259 1764 362 1817 mororl
380 1763 455 1816 talin’
468 1780 579 1832 possum
590 1780 635 1816 me
647 1780 781 1834 opponere
793 1765 931 1819 monetm'l

181 1833 241 1887 Jam
254 1833 311 1905 jam
324 1833 414 1956 lintiuo
425 1833 506 1886 acies.
543 1834 587 1886 Ne
599 1849 644 1886 me
657 1841 755 1886 terrete
768 1832 917 1905 rimantem,
981 1838 1033 1889 875

180 1901 321 1957 Obscenae
333 1920 367 1956 vc
379 1919 469 1972 uoree3
487 1902 592 1956 elerum
604 1901 718 1956 verbera
728 1919 809 1956 nocco

180 1971 358 2043 Letalemque
370 1988 481 2041 ennum3
501 1989 552 2025 neo
564 1972 659 2026 fallunt
669 1971 746 2043 jussa
757 1972 885 2043 superbo

180 2041 350 2110 Magnanimi
361 2043 445 2097 lovis.
480 2042 555 2095 llaec
566 2058 613 2111 pro
626 2042 778 2110 virginitate
790 2043 913 2113 reponitl

180 2109 241 2168 Quo
253 2113 336 2165 vitam
348 2112 423 2165 dedit
434 2112 593 2165 aeternam?
610 2126 660 2165 cur
672 2113 765 2165 mortis
775 2111 905 2183 adempta
915 2119 959 2167 eet

179 2179 324 2234 Condicio?
343 2197 450 2252 possem
464 2190 550 2234 tantos
561 2180 637 2235 finire
648 2181 755 2236 dolores
815 2181 816 2184 ’
984 2184 1035 2236 888
1091 2180 1092 2185 ’

178 2249 259 2302 Nunc
270 2259 351 2321 certe,
365 2259 393 2303 et
405 2252 503 2304 misero
515 2251 587 2303 fratri
601 2266 694 2303 comes
706 2253 744 2304 ire
756 2267 804 2320 per
816 2251 934 2307 umbrae.

178 2318 340 2373 Immortalis
351 2319 421 2388 egel
439 2327 486 2372 aut
497 2318 645 2390 quicquam
656 2320 724 2374 mihi
736 2319 816 2373 dulce
828 2337 956 2377 meorum

179 2388 298 2458 Tecmo,
312 2389 400 2458 frater,
414 2386 483 2443 erit‘l
517 2390 623 2459 Oquae
635 2390 701 2443 ectio
711 2390 767 2443 alta
777 2389 903 2445 dehiscat

178 2456 261 2511 'l'erra
272 2458 348 2525 mibi,
361 2458 505 2528 Manisque
517 2459 599 2513 deam
610 2459 735 2513 demittat
745 2458 780 2512 ad
793 2459 888 2515 imoel'

178 2528 297 2582 Tantum
308 2529 399 2599 effata,
412 2537 493 2598 caput
504 2529 600 2597 glauco
611 2530 729 2583 contexit
740 2528 851 2600 amicto,
983 2529 1034 2583 885

82 2659 86 2666 ,
178 2597 269 2652 Multa
279 2615 400 2668 gemens,
414 2607 441 2651 et
454 2616 484 2651 ee
496 2599 577 2653 fluvio
589 2599 642 2652 deu
653 2597 773 2652 condidit
783 2597 849 2652 alto.
935 2605 944 2616 “

212 2670 322 2722 Aeneae
333 2669 413 2722 instat
425 2676 517 2721 contra
528 2669 668 2738 telumque
679 2679 810 2738 coruscat,

178 2738 284 2807 lugens,
297 2737 447 2807 arboreum,
461 2747 488 2791 et
500 2754 581 2791 saevo
593 2738 633 2791 eie
644 2745 752 2808 pectore
764 2736 851 2791 faturt

179 2807 272 2867 ‘Quae
290 2823 365 2915 nunc
379 2807 479 2861 deinde
496 2807 643 2861 morneetl
661 2816 708 2860 cut
719 2806 785 2878 quid
800 2806 867 2878 jam,
880 2805 983 2877 Turne,
995 2819 1035 2858 re·

248 2885 362 2931 tractas.

177 2947 238 3000 Nou
250 2962 338 3013 cursu,
352 2945 441 2998 suevia
452 2945 611 2999 certandum
622 2954 664 2999 eet
675 2946 827 3000 comminue
837 2947 932 3000 ermis.
985 2945 1037 2998 89⁰

178 3015 259 3068 Verte
271 3016 360 3068 omnis
370 3023 426 3067 tete
438 3015 464 3068 in
478 3015 568 3085 facies,
581 3026 609 3068 et
620 3014 755 3085 contrahe,
767 3014 900 3085 quidquid

178 3083 240 3136 Sive
252 3083 351 3135 animis
362 3083 421 3137 sive
432 3097 490 3138 arte
502 3084 577 3138 vales
583 3100 591 3154 3
609 3093 672 3154 opta
683 3085 768 3138 ardua
778 3085 876 3155 pennis

177 3153 259 3203 Astra
268 3152 353 3220 sequi,
367 3152 544 3222 clausumque
557 3170 624 3206 cava
636 3163 663 3206 te
675 3153 790 3207 condere
803 3154 892 3208 terra!

177 3218 226 3296 Ille
238 3229 318 3287 caput
330 3236 477 3290 quassans:
498 3225 572 3277 ‘Nou
586 3240 632 3276 rue
644 3232 691 3276 tua
702 3223 805 3278 fervida
816 3229 917 3279 terrent

111 3363 130 3375 —
176 3285 262 3353 Dicta,
275 3287 366 3358 serox3
384 3291 411 3342 di
424 3309 470 3344 rue
483 3300 581 3346 terrent
594 3302 621 3347 et
633 3293 738 3364 Jupiter
749 3294 852 3349 hostie)
992 3289 1039 3345 89⁶

109 3454 129 3500 c
137 3408 190 3456 858.
207 3412 263 3463 'rho
275 3419 404 3471 Parthians
415 3427 462 3482 and
475 3427 580 3478 Oretana
588 3430 718 3494 (Cydonia,
727 3447 742 3480 a
753 3441 821 3481 town
831 3447 864 3481 on
873 3431 922 3482 the
930 3428 1009 3479 north
1017 3421 1042 3475 Ol

132 3471 191 3516 rere)
204 3482 269 3519 were
280 3475 375 3529 sumone
386 3498 413 3530 ne
424 3486 567 3536 erchem-
575 3492 630 3540 867.
642 3489 694 3549 Illi,
707 3492 739 3542 vi.
751 3494 909 3542 473.-888.
923 3489 1045 3541 ΒΜ
