2308 3780
488 185 587 229 maan
607 186 635 226 r.
958 171 1022 231 041

170 315 226 370 Aut
377 311 454 367 sedet
465 311 690 367 eircumoastella
701 311 857 385 suberinis,
969 320 1022 371 440

171 382 251 437 Nunc
281 400 321 453 os,
332 399 404 436 nuuc
414 382 474 436 illos
484 380 581 451 aditus,
592 399 755 452 omnemque
767 391 883 454 pererrat

171 454 236 506 Arte
248 451 347 522 locum,
359 460 388 505 et
400 451 478 506 variis
488 450 639 506 adsultibus
650 451 739 504 irritus
749 462 853 521 urguet.

169 521 292 575 Ostendit
304 521 428 577 dextram
439 522 579 588 insurgens
591 520 714 575 Entellus
725 529 753 574 et
763 523 818 575 alte

171 590 288 644 Extulit:
308 590 353 643 ille
366 591 449 645 ictum
461 591 616 643 venientem
627 607 644 642 α
656 589 757 643 vertice
768 590 849 645 velox

170 659 314 730 Praesidit,
327 660 464 728 celerique
476 660 583 727 elapsus
595 675 703 728 corpore
715 660 811 730 cessit,
968 664 1020 716 445

135 784 138 791 ,
170 726 296 783 Entellus
305 730 376 782 uires
387 729 413 781 in
425 736 536 783 rantum
547 726 650 790 effudit,
664 737 690 780 et
703 728 771 795 ultro

171 796 232 866 Ipse
244 798 334 866 gravis
342 797 510 866 graviterque
521 796 556 850 ad
569 806 666 851 terram
679 796 796 866 pondere
806 805 881 851 vasto
928 794 932 799 ’

170 866 308 921 Concidit:
327 876 356 921 ut
368 866 502 936 quondam
514 883 582 919 cava
593 866 709 935 concidit
720 875 767 919 aut
778 866 953 939 Erymantho,

171 936 227 991 Aut
238 935 286 989 Ida
297 934 324 987 iu
336 953 442 1005 magna,
456 935 590 988 radicibus
602 943 676 988 eruta
688 936 775 1004 pinus.

171 1003 337 1072 Consurgunt
349 1005 443 1059 studiis
454 1005 552 1058 Teucri
564 1014 592 1058 et
603 1004 740 1057 Trinacria
751 1003 853 1076 pubes3
968 1009 1020 1060 400

136 1128 140 1131 Α
171 1073 194 1126 It
206 1073 307 1127 clamor
319 1074 401 1144 coelo,
414 1075 568 1143 primusque
579 1074 695 1126 accurrit
705 1076 828 1144 Acestes,

170 1144 402 1212 Aequaevumque
414 1143 449 1196 ab
461 1141 544 1199 burno
556 1143 687 1196 miserans
698 1142 792 1196 attollit
804 1143 934 1199 amicum.

170 1213 207 1265 At
220 1228 270 1264 uon
283 1212 402 1265 tardatus
411 1229 477 1266 casu
489 1228 576 1281 neque
588 1213 694 1264 territus
706 1211 784 1264 heros

170 1280 263 1334 Acrior
274 1280 310 1333 ad
322 1298 439 1350 pugnarn
451 1281 527 1350 redit,
536 1298 572 1349 ,ac
583 1281 639 1334 vim
651 1281 761 1334 suscitat
773 1281 820 1335 ira.

171 1350 243 1403 'l'urn
255 1349 339 1430 pudor
350 1351 468 1405 incendit
481 1351 551 1403 vires
562 1359 590 1404 et
600 1351 707 1404 conscia
718 1350 810 1420 virtus,
968 1355 1020 1407 456

134 1472 142 1479 ,
170 1419 404 1489 Praecipitantque
416 1420 505 1474 Daren
515 1419 613 1472 ardens
623 1421 679 1488 agit
690 1435 723 1471 aa
743 1436 806 1472 uore
818 1426 880 1490 toto,

170 1489 197 1542 N
199 1503 251 1541 unc
260 1488 356 1541 dextra
367 1485 535 1557 ingeminans
547 1489 622 1558 ictus,
636 1505 707 1541 nunc
720 1435 766 1542 ille
778 1489 898 1558 sinistra3

125 1556 137 1573 ‘
170 1558 230 1612 Neo
241 1574 323 1627 mora,
335 1574 387 1613 nec
397 1558 518 1628 requies:
536 1574 618 1627 quam
630 1557 715 1611 multa
725 1557 853 1626 grandine
864 1557 965 1614 nimbi*

170 1626 339 1680 Culminibus
350 1628 487 1697 crepitant,
501 1627 538 1680 sio
550 1626 641 1680 densis
652 1627 750 1680 ictibus
761 1627 840 1681 heros

170 1696 271 1750 Creber
282 1703 394 1765 utraque
406 1713 488 1750 manu
500 1696 588 1765 pulsat
601 1705 742 1766 versatque
755 1697 862 1752 Dareta.
967 1701 1020 1753 460

130 1826 133 1833 „
171 1764 241 1818 Turn
255 1774 330 1834 pater
340 1768 451 1819 Aeneas
462 1765 604 1834 procedere
617 1765 719 1833 lougius
731 1765 784 1817 iras

171 1834 205 1888 Et
218 1834 322 1887 saevire
334 1835 431 1887 animis
443 1833 578 1887 Entellum
591 1833 662 1888 baud
676 1850 771 1903 passus
782 1834 904 1906 acerbis,

170 1903 222 1957 Sed
235 1903 319 1956 tinem
331 1903 456 1972 imposuit
470 1920 583 1973 pugnae,
597 1904 753 1973 sessumque
766 1904 864 1957 Dareta

67 1994 72 2001 ·
95 1978 108 1992 '
171 1973 283 2041 Eripuit,
299 1973 423 2027 mulcens
434 1973 521 2040 dictis,
533 1989 567 2025 ac
579 1972 642 2025 talia
655 1972 739 2026 satur:

172 2042 291 2111 ‘Infelirq
304 2058 375 2110 quae
387 2049 460 2094 tanta
470 2043 591 2095 animum
604 2041 741 2095 dementia
752 2041 845 2112 capiti
968 2046 1019 2097 405

169 2111 229 2164 Non
243 2111 315 2163 vires
325 2110 392 2163 alias
404 2126 586 2180 conversaque
598 2111 709 2163 numina
719 2112 822 2166 sentiet

169 2180 243 2233 Cede
256 2180 326 2232 deo.²
362 2179 487 2249 Dixitque
500 2188 527 2232 et
539 2179 639 2249 proelia
652 2196 716 2233 voce
728 2180 844 2234 diremit.

169 2251 220 2303 Ast
232 2249 309 2303 illurn
322 2248 369 2303 fidi
380 2250 515 2318 aequales,
528 2265 615 2316 genua
626 2264 706 2317 aegra
719 2250 879 2319 trahentem,

167 2319 373 2388 iactantemque
386 2326 496 2386 utroque
509 2327 596 2388 caput,
609 2335 782 2387 crassumque
795 2335 917 2372 cruorem

169 2388 221 2442 Ore
234 2388 394 2457 ejectantcm
409 2387 557 2456 mixtosque
570 2388 596 2440 iu
607 2387 737 2456 sanguine
750 2387 854 2453 dentes,
967 2391 1021 2441 470

168 2456 278 2510 Ducunt
289 2457 323 2509 ad
337 2457 427 2522 navis3
445 2456 605 2525 galeamque
618 2473 765 2524 ensemque
778 2454 864 2509 vocati

169 2526 312 2595 Accipiunt
320 2542 329 2595 3
347 2525 466 2594 palmam
479 2525 584 2578 Entello
598 2535 755 2593 taurumque
768 2523 930 2593 relinquunt.

167 2595 220 2647 Hic
232 2596 322 2662 victor,
337 2611 465 2663 superans
477 2594 574 2646 animis
586 2602 714 2663 tauroque
725 2593 871 2661 superbus:

169 2665 257 2716 ‘Nate
270 2664 329 2732 dea,
344 2680 443 2732 vosque
457 2663 541 2730 haec,’
556 2663 647 2732 inquit,
663 2662 835 2731 ‘cognoscite
849 2660 953 2729 Teucri,

127 2770 182 2816 445.
201 2767 289 2823 Gessit,
304 2767 405 2815 ‘moveri
417 2766 479 2814 srom
490 2766 531 2814 the
542 2767 613 2824 spor)
621 2769 711 2814 -446,
732 2765 809 2821 Ultro,
821 2780 848 2813 aa
856 2765 899 2812 the
909 2766 985 2814 result
996 2763 1024 2815 oi

97 2823 205 2877 ltrsown
224 2825 468 2874 Μαρακοὶ-448.
485 2825 642 2887 Erymantho,
662 2841 677 2873 a
695 2824 820 2873 mountain
837 2824 861 2871 in
878 2824 919 2872 the
937 2825 1019 2873 nanth-

98 2895 161 2935 west
172 2885 201 2933 cs
214 2885 425 2933 Arcadia-449.
441 2884 494 2932 Idu.
532 2884 579 2931 See
590 2882 614 2930 ii.
625 2886 772 2932 set.-457.
788 2882 841 2931 itte.
873 2882 920 2930 See
932 2892 956 2930 at
967 2886 1020 2933 ast

98 2947 189 2993 -450
213 2943 335 3003 Compare
347 2943 395 2991 titis
406 2958 509 3003 passage
520 2942 580 2989 with
592 2942 684 2990 Scott’s
695 2941 765 3003 Lody
775 2943 804 3002 of
810 2944 847 2989 tlte
856 2940 923 3007 Lake
931 2959 941 2990 r
950 2969 982 2983 -·

298 3114 393 3164 Against
406 3116 442 3153 tlte
455 3092 535 3152 wint’er
548 3112 633 3150 rhower
645 3111 664 3151 ir
677 3092 750 3160 picei,¹
758 3112 798 3151 dee

97 3181 187 3226 ..460
206 3177 299 3226 Creber.
332 3177 379 3224 See
390 3186 414 3224 at
425 3177 449 3224 ii.
461 3177 613 3224 sta-466.
636 3173 705 3221 Vires
721 3176 783 3222 otior
800 3189 881 3223 seems
896 3183 922 3223 to
937 3189 1019 3231 meon,

100 3237 154 3286 ‘bis
170 3237 284 3297 strength
302 3235 414 3283 different
433 3235 495 3282 srorn
511 3234 575 3280 what
593 3233 612 3280 it
623 3248 675 3280 was
691 3233 715 3279 in
730 3233 772 3280 the
789 3233 856 3293 early
866 3242 920 3292 part
936 3233 965 3281 os
977 3232 1020 3280 tho

97 3298 217 3353 contest‚'
228 3313 255 3344 as
273 3295 295 3344 if
306 3295 348 3342 the
366 3311 478 3344 conuerso
496 3293 597 3340 cumino
616 3290 756 3350 (especially
771 3291 848 3352 Eryx)
858 3291 906 3339 had
925 3291 950 3338 in
983 3290 1015 3337 it'

95 3356 172 3419 given
179 3355 294 3405 Entellus
303 3352 471 3415 supernaturel
478 3352 570 3412 vigour.
587 3349 671 3397 Hence
681 3347 795 3400 Gededeo.
812 3348 957 3406 Seobolow,

97 3416 188 3467 -trt
207 3415 359 3478 Galeomque,
372 3412 421 3462 duo.
449 3412 496 3461 See
508 3410 660 3461 367.·-472.
677 3406 786 3457 Seelll.
806 3465 808 3470 .
