2320 3744
504 270 599 311 utenti
619 270 639 311 t.

180 399 326 469 Imperium
339 398 407 453 Dido
419 398 501 469 Tyria
513 399 581 467 regit
593 398 659 452 urbe
671 399 798 469 prolecta,

177 467 372 525 Germanum'f
389 469 472 521 ciens.
509 468 599 537 Longa
611 479 652 521 est
665 467 768 539 injuria,
782 470 877 538 longae

177 539 318 607 Ambages
325 555 333 607 3
353 486 404 591 send
413 555 520 591 summa
532 555 629 608 sequar
641 538 749 607 fastigia
761 541 870 596 rerum.l

177 608 248 661 Huic
259 606 377 677 conjunx
388 608 527 677 Sychaeus
539 617 603 677 erat,
617 607 767 661 ditissimus
778 610 834 677 agri

176 677 353 747 Phoenicum,
365 685 394 730 et
406 693 502 744 magno
514 676 630 730 miserae
642 676 759 730 dilectus
770 694 870 748 amore,

176 748 226 801 Cui
238 755 316 818 pater
327 747 454 801 intactam
467 745 587 816 dederat,
600 746 748 817 primisque
764 746 866 815 'ugarat

176 817 328 871 Ominibus.
365 815 416 869 Sed
429 833 512 884 regna
523 816 588 886 Tyri
599 833 745 886 germanus
757 764 876 871 habebat

175 886 346 956 Pygmalion,
360 885 462 938 scelere
474 893 538 939 ante
549 885 616 938 alios
629 886 770 938 immanior
781 888 878 940 ornuis.

175 956 253 1016 Quos
262 956 333 1009 inter
345 955 452 1008 medius
465 956 537 1008 venit
550 955 629 1009 furor.
666 955 715 1008 Ille
727 955 881 1025 Sychaeum

175 1026 279 1095 Impius
290 1034 354 1078 ante
365 1042 426 1078 aras
436 1033 518 1095 atque
530 1025 588 1078 auri
600 1042 699 1078 caecus
710 1041 803 1079 amore

175 1095 253 1148 Clam
265 1096 334 1147 ferro
348 1094 486 1148 incautum
500 1103 615 1166 superat,
628 1097 740 1148 securus
751 1112 876 1150 amorum

175 1165 329 1218 Germanae
337 1181 345 1234 ;
363 1163 520 1233 sacrumque
532 1164 577 1218 diu
590 1165 696 1233 celavit,
710 1175 737 1217 et
749 1181 867 1234 aegram,

174 1234 265 1288 Multa
276 1234 365 1287 malus
377 1233 515 1304 simulam,
527 1251 598 1286 vana
610 1251 658 1304 spe
672 1234 732 1287 lusit
744 1244 891 1289 amantem.

174 1304 237 1373 Ipsa
249 1303 298 1356 sed
310 1304 339 1357 in
351 1304 454 1357 somnis
466 1303 600 1356 inhumati
612 1304 685 1356 venit
697 1305 786 1372 imago

174 1372 309 1443 Coujugis,
323 1390 369 1425 ora
380 1373 470 1426 modis
481 1373 606 1426 attollens
618 1373 718 1443 pallida
730 1373 822 1444 miris;

174 1443 298 1496 Crudelis
310 1460 369 1496 aras
381 1442 546 1512 trajectaque
560 1453 667 1512 pectora
679 1442 747 1495 serto

173 1512 303 1580 Nudavit,
316 1529 484 1582 caecumque
497 1512 594 1566 domus
606 1512 696 1565 scelus
708 1529 788 1565 omne
801 1513 906 1567 retexit,

173 1580 246 1635 Tum
254 1581 377 1634 celerare
390 1581 483 1650 lugam
495 1582 634 1651 patriaque
647 1581 780 1635 excedere
792 1583 896 1654 suadet,

172 1651 371 1721 Auxiliumque
383 1652 443 1704 viae
455 1652 554 1704 veteris
565 1652 660 1704 tellure
674 1651 786 1704 recludit
818 1658 821 1661 “

173 1720 336 1790 Thesauros,
350 1721 468 1789 ignotum
480 1721 585 1789 argenti
598 1722 702 1790 pondus
714 1729 741 1773 et
753 1722 819 1774 auri.

172 1790 223 1843 His
234 1799 370 1844 commota
381 1788 474 1858 fugam
487 1790 555 1843 Dido
568 1791 709 1860 sociosque
754 1791 838 1844 rabat.

173 1860 351 1929 Conveniunt,
364 1860 462 1929 quibus
474 1868 520 1913 aut
532 1859 624 1913 odium
637 1860 719 1913 crude
731 1879 746 1912 e
760 1860 865 1930 tyranni

172 1930 229 1982 Aut
241 1938 333 1982 metus
344 1946 406 1982 acer
418 1938 475 1982 erat
482 1947 490 1998 3
509 1930 593 1998 navis,
606 1947 676 2000 quae
691 1929 759 1983 sorte
771 1939 889 2001 paratae,

174 1999 332 2069 Corripiunt,
344 2007 508 2069 onerantque
521 2016 595 2053 auro.
631 2000 771 2053 Portantur
781 1999 856 2052 avari

172 2068 361 2137 Pygmalionis
370 2085 436 2138 opes
448 2070 559 2137 pelago,
577 2068 632 2122 dux
643 2069 746 2121 semina
758 2069 831 2122 sacti.

172 2137 316 2191 Devenere
328 2137 407 2208 locos,
420 2138 468 2191 ubi
481 2155 553 2192 nnnc
565 2139 683 2207 ingentia
694 2155 789 2192 cernes
985 2206 988 2209 ,

172 2207 288 2261 Moenia
300 2217 510 2278 surgentemque
523 2225 609 2261 novae
621 2208 788 2274 Carthaginis
799 2224 900 2281 arcem,

172 2277 346 2346 Mercatique
359 2277 453 2347 solum,
467 2277 532 2330 facti
544 2278 579 2330 de
592 2277 700 2330 nomine
712 2278 834 2348 Byrsam,

171 2346 289 2400 Taurino
302 2355 434 2416 quantum
447 2355 554 2416 possent
566 2347 734 2401 circumdare
747 2356 865 2427 tergo&
916 2394 926 2409 ,

171 2416 226 2470 Sed
238 2433 287 2470 vos
298 2417 345 2486 qui
357 2415 476 2485 tandem,
489 2417 588 2486 quibus
599 2425 647 2470 aut
658 2417 770 2470 venistis
781 2417 817 2470 ab
828 2432 888 2488 ons,

171 2485 267 2545 Quove
279 2486 377 2539 tenetis
389 2485 439 2537 iter
447 2486 468 2538 Ψ
505 2486 650 2546 Quaerenti
663 2487 761 2539 talibus
773 2486 820 2539 illc

170 2556 315 2624 Suspirans
327 2557 435 2624 imoque
448 2555 558 2610 trahens
569 2573 586 2608 a
597 2564 704 2625 pectore
716 2570 828 2609 vocem:

209 2626 248 2679 ‘O
259 2623 320 2695 dea,
333 2625 355 2678 si
367 2625 455 2695 prima
467 2633 592 2695 repetens
604 2626 639 2678 ab
650 2626 751 2694 origine
763 2641 883 2696 pergam,

170 2696 208 2749 Et
219 2703 300 2748 vacet
311 2694 416 2748 annalis
428 2704 577 2747 nostrorum
588 2694 681 2748 audire
694 2695 824 2766 laborum,

169 2767 244 2818 Ante
256 2764 331 2817 diem
343 2763 435 2817 clauso
447 2773 591 2834 componet
602 2765 706 2834 Vesper
717 2766 841 2835 Olympo.

100 2877 164 2926 Aen.
176 2877 210 2925 iv.
220 2879 260 2925 to.
291 2876 404 2936 Agenor,
417 2877 479 2924 twin
493 2875 594 2924 brother
604 2875 632 2924 os
644 2875 730 2934 Belus,
743 2892 795 2924 was
811 2876 871 2985 kinp
881 2876 910 2924 of
922 2876 1028 2926 Phoeni·

99 2937 146 2993 cia,
155 2935 204 2984 und
215 2951 247 2984 an
258 2945 370 2984 ancestor
378 2935 407 2984 of
413 2934 486 2993 Dido,
496 2935 580 2983 whose
592 2945 660 2995 story
668 2936 753 2984 Venus
761 2951 847 2995 procee
865 2953 878 2984 s
889 2944 914 2984 to
925 2944 1029 2986 narrate.

98 2998 189 3044 -343.
209 2994 324 3043 Observa
335 2994 377 3043 the
388 2995 478 3044 double
495 2995 661 3042 construction
671 2994 700 3042 os
710 2996 846 3044 ditisnmns
857 2995 921 3056 agri,
933 2996 1028 3044 ditium·

98 3072 152 3104 m
172 3053 424 3125 Rhoeteium-344.
445 3053 555 3103 Miserae
574 3055 688 3122 dilectus..
715 3053 764 3102 See
784 3056 938 3103 aua-an.
954 3053 1031 3123 Murlt

97 3130 228 3162 maror
241 3122 308 3220 ontq,
327 3113 387 3171 duc,
405 3113 501 3220 insteqd
516 3111 545 3183 qf
556 3113 598 3161 tho
614 3113 826 3219 abiitque-350.
843 3112 958 3219 deploras,
975 3128 1029 3162 sino

98 3176 266 3301 ῗιῗέῗέῆῖῑὲῗιῗὲ
282 3173 479 3280 ,tltttt‘nl
493 3172 1029 3304 ¹5,ttttttfl0lttttt⁰¹ttt¹0ttltzlrt!

97 3291 195 3341 bened.
203 3294 296 3339 -35a
339 3294 414 3343 ellare
425 3294 543 3341 recludet.-
562 3301 604 3360 not
621 3308 657 3345 m,
670 3292 714 3338 but
723 3291 791 3352 from
801 3290 843 3338 the
854 3290 1029 3339 earth-365.

96 3350 222 3400 Deseruere
232 3354 302 3400 locos.
330 3350 405 3399 Marlr
415 3350 457 3399 the
469 3359 635 3419 constructqon
645 3349 682 3398 for
692 3352 724 3397 ad
734 3352 898 3418 3⁰⁶⁰³.···3i57·
914 3349 1027 3417 Byrsam.

96 3411 241 3518 commonly
257 3409 359 3460 derived
373 3409 436 3459 from
453 3409 740 3467 Btaa‚ah1de.-374.
763 3408 844 3469 Nrght
860 3423 881 3456 rs
897 3406 1029 3469 poetically

95 3469 211 3519 &scribe
230 3505 237 3518 .
269 3469 367 3530 Vesper
381 3469 453 3518 shuts
469 3477 478 3516 t
497 3483 511 3516 e
526 3477 583 3530 gete
599 3467 628 3518 of
637 3470 735 3520 heaven
749 3474 801 3524 (seo
816 3465 871 3519 Ecl.
882 3481 907 3517 v.
919 3469 967 3539 50),
980 3475 1029 3538 unu

94 3528 263 3646 preparquop
274 3530 318 3581 the
328 3537 380 3582 rest
391 3528 421 3581 os
431 3528 474 3580 the
485 3527 603 3644 daysspod.
