2320 3744
495 261 660 320 aauaruos.

187 387 365 460 Dardanidae,
378 390 426 460 qai
438 406 468 443 se
479 389 600 460 ignotum
613 390 785 446 venientibus
796 391 871 462 ultro,

187 459 244 512 Hoc
259 459 347 529 ipsum
361 469 388 513 ut
400 470 514 513 strueret
526 461 689 530 Trojamque
701 463 819 531 aperiret
830 460 950 532 Achivis,
1003 466 1038 516 tto

186 529 333 597 Obtulerat,
346 530 433 583 fidens
445 531 537 600 animi,
550 532 671 600 atquein
684 540 828 601 utrumque
840 542 957 604 paratus,
986 587 989 594 ,

186 599 239 651 Seu
252 616 358 652 versare
372 599 453 668 dolos,
468 618 515 652 seu
529 609 618 653 certae
631 601 793 653 occumbere
806 601 891 654 morti.

186 668 313 737 Undique
327 669 429 722 risendi
442 670 530 722 studio
541 669 656 739 Trojana
671 669 795 723 'aventus
925 675 929 683 ’

187 737 355 791 Circumfusa
369 741 426 808 ruit,
440 748 595 808 certantque
609 739 720 792 illucere
733 749 820 809 capto.

99 860 102 867 ,
187 807 292 877 Accipe
304 825 376 861 nunc
388 809 511 862 Danaum
524 808 641 879 insidias,
655 817 682 861 et
694 809 807 862 crimine
819 807 855 862 ab
868 826 919 862 uno
1006 813 1042 864 15

187 878 268 930 Disce
280 879 376 930 omnis.

186 945 313 1014 Namque
326 956 354 1000 ut
367 955 513 1016 conspectu
526 948 550 1000 in
564 948 656 1000 medio
669 947 797 1018 turbatus,
810 948 928 1017 inermis,

108 1072 113 1085 Ι
186 1016 309 1068 Constitit
321 1025 402 1085 atque
415 1016 501 1069 oculis
514 1017 630 1085 Phrygia
641 1018 749 1086 agmina
761 1018 969 1087 circumspexit:

189 1087 206 1118 “
213 1085 282 1155 Heu,
296 1103 366 1154 quae
378 1102 450 1139 nunc
463 1085 571 1157 tellus,'’
582 1087 675 1157 inquit,
690 1088 706 1118 “
714 1104 784 1157 quae
796 1105 841 1140 me
853 1104 972 1156 aequora
983 1101 1043 1145 uos·

257 1164 318 1208 sunt

187 1225 338 1294 Acciperet
358 1233 404 1277 aut
416 1224 480 1293 quid
492 1222 549 1295 jam
562 1225 660 1279 misero
671 1225 738 1279 mihi
751 1225 869 1295 denique
882 1233 971 1296 restat,
1007 1229 1045 1278 tc

189 1294 238 1347 Cui
251 1312 338 1364 neque
350 1294 422 1364 apud
435 1295 542 1348 Danaos
553 1312 668 1364 usquam
681 1295 763 1374 locus,
777 1305 804 1348 et
817 1312 897 1364 super
909 1296 960 1364 ipsi

188 1363 357 1417 Dardanidae
371 1364 467 1416 infensi
480 1381 581 1433 poenas
593 1382 655 1417 cum
669 1382 799 1433 sanguine
812 1364 954 1434 poscrrnt.’'

188 1433 248 1491 Quo
259 1435 362 1501 gemitu
377 1433 499 1486 conversi
511 1434 603 1503 animi,
617 1451 788 1503 compressus
800 1444 827 1486 et
839 1434 927 1487 omnis

189 1503 317 1571 Impetus.
355 1504 496 1556 Hortamur
507 1503 565 1574 sari,
579 1521 631 1573 quo
644 1502 774 1572 sartguine
787 1513 884 1572 cretus,

187 1572 293 1629 Quidve
306 1573 374 1625 ferat
381 1589 389 1641 3
409 1581 548 1641 memoret,
562 1591 632 1643 quae
645 1574 679 1625 sit
691 1573 791 1626 fiducia
804 1583 891 1643 capto.
1007 1575 1045 1625 'ld

188 1641 239 1694 lile
251 1641 328 1710 haec,
342 1642 464 1711 deposita
477 1643 588 1696 tandem
601 1640 753 1711 sonnidine,
769 1643 854 1694 latur:

225 1711 350 1763 “Cuncta
363 1712 491 1780 equidem
500 1712 555 1781 tibi,
566 1714 630 1780 Rex,
641 1712 720 1764 fuerit
732 1708 930 1782 quodcumque,
940 1709 1047 1764 fatebor

188 1779 287 1850 Vera,'’
301 1780 388 1850 inquit
396 1798 403 1850 3
424 1781 536 1851 “neque
550 1799 594 1834 me
607 1781 733 1849 Argolica
744 1782 779 1834 de
790 1791 873 1849 gente
887 1780 1007 1849 negab03

188 1849 246 1902 Hoc
258 1850 390 1929 primum;
409 1867 467 1918 nec,
482 1852 504 1903 si
516 1852 647 1903 miserum
660 1851 776 1904 Fortuna
788 1851 915 1904 Sinonem

189 1918 284 1987 Finxit,
299 1938 399 1973 vanum
411 1921 494 1972 etiarn
507 1919 723 1989 mendacemque
737 1920 857 1990 improba
869 1921 962 1989 finget.
1009 1922 1048 1972 80

189 1988 280 2042 Fando
292 1989 399 2058 aliquod
412 1991 433 2041 si
447 1989 514 2042 forte
527 1998 587 2041 tuas
599 1990 719 2058 pervenit
732 1989 766 2042 ad
779 1990 853 2043 auris

188 2057 299 2111 Belidae
312 2076 409 2112 nornen
424 2059 577 2112 Palamedis
590 2067 616 2110 et
630 2058 729 2120 incluta
743 2059 817 2112 lama

189 2127 286 2197 Gloria,
300 2146 381 2198 quem
395 2127 464 2182 falsa
476 2129 526 2181 sub
540 2128 686 2197 proditione
699 2128 806 2196 Pelasgi

188 2197 324 2250 Insontem
338 2198 446 2250 infando
459 2198 563 2265 indicio,
578 2198 641 2267 quia
654 2197 726 2250 bella
738 2197 857 2267 vetabat,

189 2266 329 2320 Demisere
343 2267 410 2336 neci,
424 2285 495 2320 nunc
508 2285 615 2320 cassum
629 2266 732 2320 lumine
745 2268 852 2336 lugent:
1012 2267 1049 2319 811

188 2335 229 2388 Illi
244 2354 288 2390 me
301 2338 428 2390 comitem
442 2348 468 2388 et
481 2336 713 2405 consanguinitate
726 2337 905 2406 propinquum

190 2406 295 2475 Pauper
307 2406 332 2458 in
346 2423 422 2459 arma
435 2416 509 2475 pater
521 2406 615 2475 primis
628 2406 682 2459 huc
694 2407 769 2459 misit
780 2405 816 2458 ab
828 2404 915 2457 annis.

148 2519 185 2564 60.
202 2517 256 2564 Hoc
266 2520 351 2579 iprum.
363 2517 428 2576 quod
436 2518 488 2577 jani
499 2519 690 2565 narrabo-62.
708 2517 747 2565 He
759 2517 832 2564 knew
843 2516 896 2563 that
908 2515 941 2563 he
951 2530 994 2563 ran
1003 2513 1050 2563 the

119 2574 172 2623 rislt
182 2575 211 2624 01
222 2577 315 2624 certain
325 2576 398 2624 death
415 2577 436 2624 if
448 2577 479 2624 he
495 2575 583 2624 should
600 2587 641 2624 not
657 2576 719 2624 have
736 2591 767 2624 an
782 2575 940 2634 opportunity
952 2590 1051 2623 uersare

119 2637 192 2682 dolos.
235 2635 273 2683 He
295 2652 346 2683 was
367 2635 484 2694 prepared
505 2635 542 2683 sor
562 2635 641 2682 either
659 2635 912 2695 contingency.-·65.
933 2633 1049 2682 crimina.

120 2692 239 2754 Properly
247 2697 335 2743 crintea
346 2695 366 2743 is
378 2710 409 2742 an
420 2695 561 2744 accusation
569 2693 598 2741 of
604 2694 682 2754 guita
695 2693 783 2742 thence
794 2696 813 2740 it
824 2705 907 2740 comcs
920 2701 946 2740 to
956 2692 1021 2752 signi

155 2753 182 2800 ilt
198 2753 272 2809 itself,
290 2755 351 2801 with
368 2754 409 2801 the
426 2754 526 2809 mutire,
544 2753 668 2809 howevcr,
681 2753 709 2801 of
721 2753 774 2801 that
790 2752 852 2812 guilt
867 2751 1006 2818 being-stat
1042 2784 1050 2799 .

120 2767 186 2859 llere
198 2812 215 2859 it
227 2812 248 2859 is
259 2813 387 2872 obviously
398 2823 441 2872 put
453 2812 489 2860 sor
499 2829 531 2861 an
540 2811 653 2871 example
665 2813 693 2860 01
696 2811 791 2918 proved
799 2811 981 2870 villany.-t6.
998 2809 1051 2858 See

101 2872 206 2939 ,1.531.
242 2871 327 2920 Omnis
345 2871 533 2943 Danaos-68.
558 2872 614 2919 The
633 2887 694 2930 spon
712 2872 749 2918 aic
771 2871 819 2939 line
840 2869 925 2937 mariis
947 2869 1053 2918 Sinon’s

119 2941 316 3049 attinet,
334 2927 1051 3058 ittamtutatut-trattrlnttttta

120 3045 285 3103 Dardanidae,
298 3066 313 3097 a
323 3050 475 3109 patronymic
490 3049 527 3097 sor
541 3049 584 3096 the
596 3050 710 3108 Trojans,
723 3048 785 3096 srom
797 3047 933 3095 Dardanus.
966 3046 1016 3093 sae
1033 3060 1052 3093 t.

120 3108 252 3156 cat-74.
271 3108 382 3156 Observa
394 3108 436 3155 the
447 3109 540 3169 change
552 3109 580 3155 01
587 3108 761 3163 construction,
774 3107 1053 3165 Hortomarsori-tut)

120 3175 234 3212 mentoret.
270 3167 346 3234 erce,
360 3167 409 3214 dcc.
442 3168 487 3214 His
503 3168 688 3222 exclamatione,
706 3170 792 3222 ott-72,
811 3165 886 3213 taken
902 3165 927 3212 in
943 3179 1053 3232 connec-

121 3223 171 3270 tion
184 3225 243 3270 with
260 3224 298 3272 his
309 3225 438 3285 voluntary
449 3227 586 3281 surrender,
600 3226 704 3273 inferred
721 3226 782 3281 that,
797 3224 890 3283 though
906 3239 921 3270 a
937 3237 1055 3281 prrecner

121 3282 149 3327 ⁰f
157 3297 215 3335 war,
226 3282 256 3327 he
268 3282 315 3328 hed
327 3284 389 3341 hope
400 3285 613 3343 etiamdum-81.
630 3285 723 3332 Fando.
756 3285 803 3332 See
814 3300 838 3332 v.
847 3288 869 3331 6.
877 3311 908 3321 -
916 3286 954 3330 82.
970 3281 1053 3328 Pata·

121 3340 203 3404 meda,
232 3341 259 3404 a
275 3339 422 3387 descendant
439 3343 467 3389 of
481 3344 557 3390 Belus
574 3344 689 3401 (uernae,
703 3344 745 3391 the
762 3347 772 3391 i
786 3342 957 3401 unornalously
969 3340 1009 3388 lon
1031 3346 1053 3396 ),

122 3394 164 3441 the
179 3406 264 3442 vrctrnr
280 3397 307 3463 of
320 3396 361 3444 the
378 3400 505 3460 treachery
521 3402 549 3449 01
563 3402 677 3462 Ulysses,
691 3403 821 3463 according
836 3413 863 3450 to
878 3416 948 3450 some
964 3399 993 3448 ot'
1006 3411 1013 3445 t
1038 3415 1055 3446 a

123 3452 307 3521 nost-Humane
343 3466 405 3520 «ets.
437 3458 484 3505 See
508 3460 582 3516 Ovid,
606 3461 668 3508 Met.
690 3462 741 3510 xiii.
763 3465 932 3510 sucu-87.
953 3459 1056 3507 Primis

122 3526 204 3558 aaran.
236 3510 302 3559 Does
314 3469 362 3559 iliis
374 3528 446 3562 mean
456 3516 497 3564 the
509 3519 641 3580 beginning
652 3519 682 3568 os·
692 3520 735 3570 the
746 3536 847 3581 war,9r
856 3520 920 3570 srom
936 3519 978 3568 ’he
993 3517 1055 3567 first
