2282 3790
499 275 662 319 assaraci,
728 244 731 251 ’

190 404 298 475 Dicitur,
312 412 374 458 ante
386 403 458 458 ieras
469 403 563 459 solitus
574 411 673 459 terrere
685 401 712 457 fu
749 402 798 472 cis,

189 476 330 543 Ascanius,
343 474 495 543 sortemque
507 490 589 527 manu
603 471 703 526 fudisse
742 488 888 541 umanum;

188 542 238 597 cn
250 543 363 598 Remulo
375 560 523 611 cognomen
536 552 599 610 erat,
612 542 748 611 Turnique
761 544 892 601 minorem

189 614 354 667 Germanum
366 628 450 682 nuper
462 612 581 665 thalamo
594 612 710 667 sociatus
721 610 849 667 habebat.

190 683 217 736 ls
228 681 343 761 primam
354 691 417 735 ante
425 680 518 735 ficiem
529 681 610 750 digna
621 690 702 758 atque
715 680 824 748 indigna
838 678 923 735 relatu
988 685 1040 736 tat

189 750 355 820 Voorlcrans,
370 750 543 820 tumidusque
555 766 624 805 novo
636 751 792 819 praecordia
804 767 887 820 reguo

188 820 248 875 Ibat
259 830 287 873 et
299 821 437 889 ingentem
449 836 509 873 sese
521 819 638 873 clamore
650 819 769 873 ferebat:

191 891 267 947 ‘Non
278 889 362 958 pudet
374 888 513 942 obsidione
525 889 623 942 iterum
636 888 758 957 valloque
771 887 863 958 teneri,
922 940 925 943 .

188 957 235 1013 Bis
247 958 319 1027 capti
331 957 458 1028 Phryges,
471 967 499 1012 et
510 958 590 1011 morti
602 958 777 1027 praetendere
789 956 899 1013 murosl

133 1066 139 1079 .
190 1027 240 1098 En,
253 1027 300 1096 qni
311 1036 401 1081 nostra
412 1028 463 1081 sibi
475 1025 547 1080 bello
558 1027 690 1081 connubia
701 1026 828 1096 poscunt!

189 1096 256 1154 Quis
267 1096 336 1148 deus
347 1096 461 1166 ltaliam,
474 1113 544 1165 qnae
556 1113 605 1149 vos
615 1096 752 1151 dementia
763 1094 874 1165 adegit

188 1166 250 1219 Nou
262 1164 307 1219 hio
316 1163 438 1237 Atridae,
451 1182 502 1219 nec
514 1164 587 1218 fandi
599 1164 674 1218 fictor
685 1164 787 1221 Ulixes.

189 1235 292 1293 Duarum
303 1234 338 1287 ab
348 1235 433 1306 stirpe
443 1251 530 1302 genus
541 1244 617 1287 natos
627 1235 661 1286 ad
674 1234 786 1288 flumina
800 1233 918 1304 primum

189 1303 350 1373 Delerimus,
362 1321 498 1374 saevoque
509 1304 574 1372 gelu
585 1302 713 1357 duramus
724 1312 751 1355 et
763 1303 841 1357 undis
848 1320 857 1373 5

188 1371 295 1426 Venatu
308 1373 444 1441 invigilant
456 1374 540 1443 pueri,
553 1373 689 1443 silvasque
702 1372 830 1442 fatigant,

189 1441 313 1497 Flectere
324 1442 405 1496 ludus
416 1459 500 1511 equos
511 1455 538 1496 et
550 1441 652 1513 spicula
664 1442 773 1495 tendere
786 1459 877 1499 cornu.

188 1513 225 1564 At
237 1512 341 1579 patiens
352 1528 465 1581 opernm
476 1528 611 1581 parvoque
623 1520 731 1564 assueta
741 1509 870 1581 juventus

188 1579 243 1633 Aut
255 1582 346 1633 rastris
357 1589 454 1634 terram
466 1581 566 1650 domat,
578 1589 625 1633 aut
636 1580 723 1650 quatit
734 1581 831 1651 oppida
842 1578 923 1635 bello.

188 1649 274 1701 Omne
286 1664 384 1701 aevum
397 1649 466 1702 ferro
479 1652 578 1718 teritur,
592 1666 722 1718 versaque
733 1649 882 1720 juvencum

188 1718 276 1784 Terga
289 1715 432 1786 fatigamus
444 1719 521 1772 hasta
527 1736 535 1788 3
554 1736 605 1772 nec
617 1716 692 1773 tarda
703 1732 829 1775 senectus

189 1785 317 1839 Debilitat
330 1788 401 1840 vires
411 1788 494 1841 enimi
507 1797 646 1857 mutatque
658 1788 793 1857 vigorem:

125 1890 129 1896 -
189 1855 321 1909 Canitiem
333 1855 412 1924 galea
424 1858 571 1925 premimus
578 1873 586 1924 ;
604 1874 765 1927 semperque
777 1856 893 1913 recentis

188 1925 360 1994 Oomportare
370 1925 446 1994 juvat
458 1926 572 1995 praedas
584 1935 611 1981 et
624 1928 714 1979 vivere
727 1936 811 1997 rapto,

188 1993 271 2047 Vobis
283 1995 354 2064 picta
366 2011 443 2048 croco
455 2004 481 2048 et
495 1995 606 2064 fulgenti
618 1996 720 2048 murice
734 1997 816 2051 vestis
822 2013 831 2067 ς

188 2060 316 2119 Desidiae
328 2063 402 2116 cordi
409 2082 417 2134 ;
433 2063 509 2133 juvat
521 2064 660 2133 indulgere
673 2063 794 2135 choreis,
989 2054 1048 2120 oto*

189 2131 225 2185 Et
237 2133 344 2187 tunicae
356 2134 484 2203 manicas,
497 2143 525 2187 et
538 2132 636 2187 habent
650 2133 807 2188 redimicula
819 2134 924 2188 mitrae.

189 2201 285 2254 Ovare
298 2200 438 2271 Phrygiae,
450 2220 539 2273 neque
552 2204 625 2256 enim
638 2202 766 2272 Phryges,
780 2205 817 2257 ite
829 2221 876 2274 per
887 2204 944 2259 alta

189 2269 332 2340 Dindyma,
346 2271 393 2325 ubi
404 2273 520 2326 assuetis
532 2271 645 2326 biforem
657 2273 703 2325 dat
715 2273 781 2327 tibia
792 2282 910 2329 cantum.

189 2338 213 2390 T
233 2356 332 2409 mpana
344 2357 392 2395 vos
402 2340 542 2411 buxusque
556 2350 633 2394 vocat
646 2341 729 2395 Berec
748 2344 804 2395 ntia
815 2343 912 2397 Matris

129 2430 133 2437 ·
189 2406 202 2461 I
221 2425 300 2462 aeae:
320 2410 399 2462 sinite
411 2427 486 2464 arma
498 2411 569 2482 viris,
582 2419 610 2463 ct
621 2411 710 2465 cedite
733 2412 810 2464 erro.²
988 2416 1042 2466 620
1139 2460 1140 2477 ,

189 2476 265 2530 Talia
276 2477 423 2548 jactantem
435 2478 516 2534 dictis
527 2497 560 2533 ac
572 2481 629 2534 dira
641 2489 786 2535 canentem

189 2546 250 2601 Non
262 2547 323 2601 tulit
333 2550 482 2617 Ascanius;
501 2566 634 2618 nervoque
647 2547 777 2602 obversus
787 2549 886 2620 equino

190 2616 330 2670 Contendit
343 2618 435 2688 telum,
447 2619 607 2688 diversaque
621 2617 729 2672 brachia
740 2619 844 2673 ducens

190 2685 320 2757 Constitit,
331 2699 395 2741 ante
407 2689 504 2743 lovem
515 2688 629 2757 supplex
640 2705 688 2757 per
700 2697 762 2741 vota
773 2697 912 2759 precatus:

127 2755 309 2825 .·‘Jupiter
320 2757 495 2827 omnipotens,
508 2757 657 2811 audacibus
668 2774 756 2811 annue
769 2760 882 2829 coeptis.
987 2761 1043 2813 628
1139 2782 1140 2789 ¹

149 2862 202 2908 593.
222 2859 269 2908 cat
279 2859 386 2910 Remulo.
418 2861 466 2910 See
477 2871 501 2910 at
512 2863 528 2909 i.
539 2864 689 2911 ata-596.
709 2860 826 2909 libramus
839 2863 985 2924 promta,
999 2863 1046 2912 tra

119 2919 259 2967 accusative
269 2919 297 2967 ol
304 2919 440 2968 limitaticn.
467 2920 844 2983 Noceregno,relerringtotbe
919 2924 924 2933 '
980 2920 1043 2971 with

120 2977 162 3026 tlte
178 2977 251 3026 sister
265 2978 294 3026 ol
305 2981 365 3046 king
376 2979 580 3029 Turnus-599.
596 2979 650 3029 Bia.
684 2978 754 3028 Once
770 2979 856 3038 hythe
873 2978 938 3029 Grec
973 2979 1043 3033 ,end

121 3037 198 3085 aowb
223 3036 264 3084 the
273 3036 461 3089 Lunna-too.
472 3038 523 3095 Ea,
533 3038 583 3087 duc.
594 3037 813 3097 hemeah-609.
826 3037 954 3099 Versoqae.
969 3036 1043 3089 Evett

120 3051 277 3202 uzipgltrgal
285 3095 487 3203 labouresmploys
495 3097 537 3146 the
546 3100 717 3168 spem-old
729 3097 870 3169 Fatigarm'ts
879 3097 1042 3158 bythearsis.
1139 3148 1140 3151 ,

121 3163 382 3276 mutelli-[⁶214.
399 3166 516 3264 iitssl'
534 3159 1046 3267 ililtrllfrlsffltlif'biiltffisss'h

121 3281 161 3311 viu
172 3271 224 3331 324.
232 3273 324 3317 —616.
338 3271 388 3338 'See
402 3283 426 3320 at
438 3274 469 3320 iv.
482 3277 631 3323 ata-618.
647 3270 779 3336 Dindyma,
791 3275 854 3336 sing.
864 3273 1014 3335 Dindymus.
1027 3290 1045 3325 a

120 3319 221 3378 Mysten
236 3338 369 3382 mountain.
382 3331 521 3380 celebrated
536 3331 578 3381 ior
588 3333 630 3382 the
641 3332 787 3443 worshipcl
799 3332 903 3395 Cybele.
933 3333 1045 3395 Bit'cm

119 3383 223 3431 mim,
236 3381 343 3443 alluding
354 3397 379 3433 to
390 3387 432 3435 the
443 3389 532 3438 double
543 3390 606 3440 flete
614 3393 677 3441 used
688 3393 713 3440 in
724 3403 733 3441 t
752 3408 765 3440 e
778 3392 883 3452 worship
893 3390 922 3440 of
927 3392 1045 3453 Cybele.
1139 3406 1140 3411 ’

109 3433 379 3542 ·'n'„ll⁹2‘r,⁸³⁰⁵'.“⁹“”⁷“·
410 3445 459 3495 eea
479 3457 504 3497 at
524 3449 557 3498 vt.
573 3454 728 3503 rsa-sao.
747 3451 840 3503 tuam
870 3450 956 3518 seen
985 3442 1047 3513 titt.¹
