2308 3780
503 242 665 294 asusroos.

191 381 304 452 Implevi
317 368 434 435 clamore
445 382 512 452 viss,
524 392 699 453 moestusque
711 383 840 436 Creusam

190 449 1034 522 Nequidquamingeminansiterumqueiterumquevocami.f'fl
1061 462 1063 467 “

191 520 338 579 Quaerenti
351 530 377 572 et
387 523 469 573 tectis
480 521 555 574 urbis
568 523 625 574 sine
636 523 690 575 fine
702 521 800 574 furenti
1013 534 1019 543 ¹

192 589 288 644 Infelix
301 589 471 643 simulacrum
484 602 565 661 atque
580 592 661 660 ipsius
677 591 773 643 umbra
785 591 903 643 Creusae

192 659 257 711 Visa
269 659 336 712 mihi
348 672 411 712 ante
423 659 515 713 oculos
526 671 553 713 et
565 671 628 713 nota
640 659 723 729 major
736 661 833 728 imago.

192 729 330 796 Obstupui,
344 739 526 798 stetemntque
538 747 632 782 comae
645 740 671 782 et
685 746 737 783 vox
748 730 871 784 faucibus
882 727 979 783 haesit.

191 796 262 850 Tum
275 798 313 850 sic
325 798 410 850 adfari
424 808 449 851 et
463 815 541 851 curas
553 799 595 852 his
606 799 716 852 demere
729 799 823 851 dietis:
990 799 1035 850 770

195 866 288 925 “Quid
301 875 404 920 tantum
418 870 511 920 insano
523 867 596 938 juvat
609 868 748 936 indulgere
760 868 850 938 dolori,

193 936 216 989 Ο
227 936 313 988 dulcis
323 935 457 1005 conjunxi
493 938 553 991 Non
566 938 634 990 haec
646 939 704 990 sine
716 937 828 991 nurnine
841 937 933 990 divom

194 1005 343 1061 Eveniunt·
362 1022 413 1058 nec
426 1015 452 1058 te
465 1006 590 1059 comitem
603 1016 709 1077 portare
721 1007 850 1060 Creusam

193 1074 254 1142 Fas,
267 1082 313 1127 aut
325 1045 370 1127 ille
382 1076 444 1128 sinit
456 1077 545 1146 superi
558 1084 679 1145 regnator
689 1076 806 1146 Olympi.

192 1144 284 1212 Longa
295 1144 344 1196 tibi
356 1144 458 1213 exsilia,
472 1156 499 1198 et
510 1153 616 1198 vastum
630 1146 711 1198 maris
723 1162 823 1215 aequor
835 1144 976 1200 arandum.
992 1148 1039 1198 700

194 1213 227 1267 Et
240 1221 337 1266 terram
350 1214 509 1285 Hesperiam
521 1216 621 1285 venies,
634 1215 680 1268 ubi
693 1214 795 1283 Lydius
806 1230 870 1267 arra

193 1283 265 1336 Inter
276 1284 366 1353 opima
378 1285 464 1338 virum
477 1284 530 1336 leni
544 1285 603 1337 fluit
614 1285 723 1353 agmine
735 1284 868 1354 Thybris:

193 1352 252 1405 lllic
263 1368 306 1405 res
319 1353 405 1405 laetae
419 1370 583 1423 regnumque
595 1362 622 1406 et
635 1354 709 1421 regia
720 1353 837 1423 conjunx

194 1421 273 1474 Parta
285 1422 349 1491 tibi3
368 1422 493 1477 lacrimas
505 1423 620 1476 dilectae
632 1424 703 1493 pelle
716 1424 840 1476 Creusae.

193 1491 253 1544 Non
266 1507 315 1559 ego
327 1492 529 1561 Myrmidonum
542 1491 622 1545 sedes
634 1493 801 1562 Dolopumve
814 1492 943 1562 superbas
989 1494 1040 1545 705

194 1560 339 1629 Aspiciam,
352 1573 398 1613 aut
411 1562 497 1616 Graiis
509 1562 637 1614 servitum
651 1562 781 1615 matribus
792 1561 843 1632 ibo,

193 1628 332 1699 Dardanis,
345 1638 372 1682 et
384 1631 464 1683 divae
477 1631 588 1683 Veneris
600 1646 682 1684 nurus
689 1647 697 1699 5

193 1697 245 1750 Sed
258 1715 303 1755 me
315 1716 413 1767 magna
426 1701 508 1753 deum
521 1700 649 1754 Genetrix
661 1700 703 1753 his
715 1699 820 1753 detinet
831 1700 892 1751 oria.

193 1767 308 1838 Jamque
320 1769 389 1838 vale,
403 1778 430 1822 et
443 1769 498 1822 nati
510 1786 587 1822 serva
599 1768 751 1823 communis
762 1769 914 1822 amorem.''

194 1837 269 1889 Haeo
282 1837 329 1891 ubi
341 1838 413 1891 diota
425 1839 508 1908 dedit,
517 1839 701 1892 lacrimantem
710 1847 737 1891 et
746 1839 832 1891 multa
840 1837 976 1891 volentem
995 1841 1048 1891 700

194 1906 291 1959 Dicere
304 1909 430 1976 deseruit,
444 1909 584 1978 tenuisque
597 1910 707 1961 recessit
719 1908 745 1960 in
757 1925 844 1961 suras.

194 1975 248 2028 Ter
259 1987 370 2030 conatus
383 1976 417 2031 ibi
431 1978 498 2030 collo
509 1978 573 2030 <lare
586 1974 695 2030 brachia
706 1976 809 2030 circum
816 1993 824 2045 3

195 2045 248 2098 Ter
259 2044 355 2098 frustra
367 2063 524 2115 comprensa
536 2064 632 2099 manus
644 2047 699 2100 effu
720 2047 739 2098 it
751 2045 847 2115 imago,
916 2044 920 2053 '

194 2113 245 2167 Par
258 2114 363 2168 levibus
375 2116 464 2168 ventis
476 2116 631 2185 volucrique
644 2065 780 2168 simillima
793 2131 894 2168 somno.

194 2182 236 2236 Sic
249 2183 359 2237 demum
372 2185 458 2237 socios
470 2194 629 2254 consumpta
642 2194 719 2238 nocte
732 2185 827 2238 reviso.
993 2187 1048 2238 705

231 2254 328 2322 ‘Atque
341 2253 386 2306 hic
398 2254 532 2322 ingentem
547 2255 677 2307 comitum
689 2254 835 2307 adfluxisse
848 2268 978 2307 novorum

194 2321 304 2374 invenio
316 2323 452 2377 admirans
464 2340 613 2389 numerum
628 2333 789 2392 matresque,
803 2324 934 2393 virosque,

195 2390 343 2444 Cdllectam
355 2392 447 2445 exsilio
458 2393 566 2463 pubem,
580 2392 735 2445 miserabile
746 2393 853 2460 vulgus.

126 2465 129 2471 '
193 2459 318 2530 Undique
331 2479 488 2530 convenere,
501 2462 599 2515 animis
610 2462 758 2531 opibusque
770 2460 863 2531 parati,

194 2529 224 2582 In
236 2546 422 2601 quascumque
435 2531 516 2583 velim
529 2532 623 2602 pelago
635 2531 770 2583 deducere
783 2539 874 2582 terras.
997 2533 1055 2584 800

193 2598 309 2667 Jamque
320 2599 392 2669 jugis
404 2617 528 2653 summae
541 2600 667 2668 surgebat
679 2599 788 2652 Lucifer
800 2598 864 2652 Idae

194 2667 370 2738 Ducebatque
382 2668 464 2738 diem,
479 2670 616 2740 Danaique
629 2670 739 2722 obsessa
752 2668 879 2722 tenebant

172 2788 207 2833 ta.
224 2782 255 2831 In
267 2787 323 2841 elia,
336 2801 375 2834 me
391 2787 495 2835 reddens
510 2786 640 2835 infelicem.
649 2790 741 2836 -773,
763 2785 823 2834 Visa
838 2787 903 2834 mila.
936 2786 986 2835 See
998 2788 1059 2835 624.

122 2862 149 2876 ·-
168 2845 216 2891 174.
254 2847 365 2892 feterent.
397 2844 461 2893 This
472 2845 520 2894 line
531 2862 617 2894 occurs
628 2846 708 2907 again.
719 2845 752 2893 iii.
763 2848 898 2894 48.-780.
914 2844 970 2894 Tibi
980 2856 1055 2894 sunt.

122 2921 148 2934 ··
166 2904 213 2970 fffl:
229 2901 375 2977 Hesperiam.
389 2904 464 2972 §eei
473 2908 526 2973 530.
542 2904 637 2966 Lydius
652 2904 761 2973 Tltybrip.
784 2904 892 2957 Tiberis,
905 2904 948 2952 the
961 2904 1057 2974 'Ijiben

123 2964 148 3008 ol
167 2961 246 3008 which
262 2961 302 3009 'lh
322 2964 371 3011 bris
387 2978 408 3010 rs
424 2979 439 3011 a
453 2964 556 3022 poetical
571 2965 641 3019 form,
659 2979 720 3012 uses
736 2979 761 3012 rn
777 2963 904 3023 Tuscsny,
921 2963 1058 3012 tradition·

124 3017 287 3086 allypeopled
304 2978 337 3080 ly
348 3020 465 3090 Lydiam,
477 3022 540 3091 from
551 3023 614 3071 Asia
631 3022 719 3070 Minor.
728 3026 820 3072 —78a
838 3022 918 3091 Regiis
934 3024 1059 3091 con'unq.

125 3075 235 3131 Lavinia,
246 3077 292 3125 dau
310 3079 365 3127 liter
373 3079 401 3126 of
408 3079 468 3141 king
477 3078 586 3129 Latmus.
597 3083 689 3130 -784,
710 3081 821 3137 Creusae,
832 3094 949 3142 genitive.
998 3097 1031 3129 ee
1041 3097 1059 3129 ι.

124 3135 275 3182 sea-785.
292 3095 468 3206 ἕως-788.
485 3140 561 3188 Deum
571 3140 704 3196 Genetria,·
723 3140 924 3199 Cybele-792.
940 3141 1061 3189 Corratas

124 3194 284 3258 sum-794„
302 3194 364 3243 This
374 3195 422 3243 ime
430 3213 515 3245 occurs
524 3199 602 3258 again,
613 3199 645 3247 vi.
655 3203 708 3249 702.
716 3203 805 3248 -797,
822 3199 963 3248 Numerum.
998 3200 1064 3248 One

125 3254 236 3299 account.
244 3250 305 3297 with
313 3254 401 3301 absurd
409 3255 567 3312 minuteness‚
578 3257 648 3317 gives
658 3261 725 3306 3400.
734 3262 823 3306 -800,
839 3258 984 3316 Dedecet&
1005 3258 1064 3307 thie

125 3315 178 3347 was
190 3300 231 3348 the
241 3318 328 3369 proper
338 3319 400 3358 term
409 3327 439 3371 ap
457 3314 505 3362 fied
515 3324 541 3362 to
551 3315 603 3364 him
612 3316 668 3364 who
675 3316 769 3365 headed
779 3334 794 3365 a
806 3317 903 3366 Roman
913 3319 1020 3388 colony.
1028 3346 1067 3359 -

126 3360 179 3404 ⁸⁰¹·
196 3357 302 3424 Lucifer,
315 3365 409 3423 Venus,
455 3387 565 3431 esperus,
586 3389 626 3422 are
648 3376 689 3423 the
710 3391 778 3424 same
794 3376 886 3437 planet,
904 3387 1067 3426 sometimes

126 3428 186 3521 {⁰02¹}
194 3416 345 3523 §wigonem
356 3426 382 3471 in
392 3426 433 3474 the
444 3431 556 3493 erening,
569 3441 594 3481 ut
605 3432 697 3492 others,
708 3450 735 3484 as
745 3434 813 3494 here,
823 3451 884 3486 seen
894 3435 921 3486 in
931 3436 976 3486 the
989 3445 1063 3493 caet,
