2282 3790
531 214 624 255 51555
645 190 710 257 vni.
1023 176 1083 257 aas

153 336 159 357 ²
230 341 299 395 llino
310 350 415 411 partem
426 342 528 413 patriae
540 343 664 398 traheret.
701 345 742 398 Tu
755 346 831 416 cujus
843 353 869 398 et
881 343 960 409 annis

231 412 266 465 Et
277 413 369 479 generi
382 411 437 463 sata
449 411 595 483 indulgent,
608 431 690 484 quem
703 416 813 468 numina
825 424 944 485 poscunt,

231 480 381 550 Ingredere,
394 498 409 534 o
421 481 556 535 Teucrum
568 494 649 552 atque
662 484 758 537 ltalnm
771 484 914 536 fortissime
927 483 1030 541 ductor.

231 550 310 604 Hunc
323 550 370 603 tibi
382 560 528 621 praeterea,
542 569 604 622 spes
616 562 643 605 et
656 554 749 605 solatia
762 554 850 623 nostri,

152 668 156 679 ,
231 619 352 673 Pallanta
363 619 524 689 adjungam3
543 622 593 674 sub
606 632 632 674 15
646 622 756 674 tolerare
770 624 894 691 magistro
1032 627 1085 679 515

152 694 157 707 “
199 696 204 705 ’
231 689 361 742 Militiam
374 699 400 742 et
412 706 493 758 grave
505 690 602 743 Martis
614 708 688 761 opus,
703 701 749 744 tna
761 709 872 745 cernere
885 692 957 747 lacta

232 759 389 829 Adsuescat,
402 758 495 839 primis
507 768 533 812 et
546 769 573 811 te
585 762 695 814 miretur
706 761 741 816 ab
753 756 839 814 annis.

231 828 351 880 Arcadas
363 828 425 881 hnic
437 830 542 897 equites
553 828 596 882 bis
608 839 726 900 centum,
740 830 831 883 robora
863 830 923 884 ubis

231 897 314 950 Lecta
326 898 403 966 debe,
417 899 582 968 totidemque
596 916 643 952 suo
656 900 703 953 tibi
715 900 822 953 nomine
836 849 942 954 151155.)

266 967 318 1020 Vix
330 970 363 1018 ea
375 967 446 1019 satus
458 977 528 1036 erat,
546 967 683 1038 defixique
695 987 740 1022 ora
753 970 880 1024 tenebant
964 978 968 985 ⁴
1033 975 1085 1026 520

232 1037 340 1089 Aeneas
351 1038 530 1090 Anchisiades
542 1046 569 1089 et
581 1038 652 1091 fidus
664 1038 783 1093 Achates
790 1056 798 1108 3

231 1105 373 1176 Multaque
385 1105 452 1159 dura
464 1124 512 1159 suo
525 1107 590 1159 tristi
603 1125 666 1160 curn
678 1108 757 1173 corde
770 1108 922 1180 putabant,-

231 1175 266 1228 Ni
279 1176 383 1245 signum
396 1176 470 1228 coelo
483 1174 615 1246 Cytherea
627 1177 746 1230 dedisset
758 1186 858 1247 aperto.

231 1244 358 1315 Namque
371 1245 511 1315 improviso
523 1245 641 1298 vibratus
652 1247 688 1299 ab
700 1246 810 1313 aethere
822 1246 909 1315 fulgor

152 1358 159 1371 ,
232 1313 300 1367 Cum
313 1315 399 1367 sonitu
413 1315 493 1382 venit,
507 1324 534 1367 et
548 1331 622 1368 ruere
635 1317 724 1368 omnia
737 1317 795 1368 visa
807 1327 926 1386 repente,
1032 1321 1084 1372 525

151 1392 157 1401 “
232 1383 439 1454 Tyrrhenusque
452 1384 533 1438 tubae
547 1385 649 1453 mugire
662 1402 709 1457 per·
720 1385 830 1438 aethera
843 1386 959 1455 clangor.

225 1452 398 1522 'suspiciunt3
418 1454 515 1506 iterum
528 1463 609 1523 atque
622 1454 719 1507 iterum
731 1455 819 1524 fragor
830 1455 949 1526 increpat
961 1455 1065 1525 iugens.

233 1525 317 1576 Arma
329 1523 397 1574 inter
409 1522 509 1576 nubem
523 1523 591 1575 coeli
604 1523 631 1576 in
644 1524 752 1593 regione
765 1540 859 1577 serena

233 1592 284 1645 Per
295 1592 393 1645 sudum
406 1592 514 1645 rutilare
528 1591 618 1645 vident
630 1603 657 1645 et
670 1593 747 1662 pulsa
759 1602 859 1647 tonare.
915 1608 920 1613 ’

151 1704 156 1711 .
196 1704 200 1715 .
232 1661 399 1731 Obstupuere
411 1661 508 1714 animis
520 1661 582 1731 atti,
601 1663 649 1715 sed
661 1663 757 1716 Troius
770 1663 849 1717 heros
881 1730 884 1734 ι
1034 1668 1086 1718 550

151 1736 157 1747 ”
233 1730 349 1798 Agnovit
362 1732 476 1785 sonitum
491 1741 517 1783 et
531 1731 610 1784 divae
623 1733 753 1800 promissa
765 1730 891 1802 parentis.

233 1800 302 1853 Tum
316 1810 461 1854 memorat:
483 1801 523 1853 ‘N
525 1817 540 1852 5
554 1818 624 1867 vero,
639 1800 744 1871 hospes,
758 1819 792 1853 ne
804 1819 903 1871 quaere
915 1801 1043 1874 profecto,

220 1867 319 1926 'Quem
332 1886 427 1937 casum
438 1878 558 1940 portenta
570 1870 670 1924 lerant:
690 1887 741 1938 ego
753 1887 846 1940 poscor
857 1870 980 1941 Olympo.

232 1937 290 1990 Hoc
302 1939 407 2006 signum
420 1938 516 1992 cecinit
529 1941 673 1992 missuram
685 1939 748 1992 diva
761 1943 881 2010 creatrix,

150 2058 154 2067 ,
234 2007 261 2060 Si
273 2006 374 2060 bellurn
388 2009 530 2078 ingrueret,
544 2008 725 2079 Volcaniaque
737 2027 813 2062 arma
824 2028 872 2081 per
883 2014 970 2063 auras'
1033 2014 1084 2065 535

151 2084 155 2091 ’
231 2075 479 2131 Laturamauxilio.

232 2145 291 2199 Heu
303 2157 419 2216 quantae
432 2146 537 2201 miseris
548 2145 647 2199 caedes
660 2147 838 2202 Laurentibus
850 2148 966 2204 instant!

164 2240 167 2245 >
228 2214 306 2273 Quas
318 2233 416 2285 poenas
430 2217 503 2285 mihi,
518 2217 615 2287 Turne,
629 2217 722 2271 dabis!
743 2234 826 2288 quam
838 2219 923 2271 multa
936 2219 986 2273 sub
998 2219 1086 2275 undas

233 2283 313 2338 Scuta
326 2286 412 2339 virum
425 2287 570 2356 galeasque
583 2294 610 2338 et
623 2286 700 2338 sortia
712 2304 820 2357 corpora
834 2289 932 2355 volves,

150 2400 155 2407 .
192 2398 200 2409 .
232 2353 333 2422 Thybri
346 2352 437 2424 pater!
465 2356 577 2409 Poscant
590 2356 670 2426 acies,
684 2365 711 2408 et
723 2355 833 2408 foedera
845 2358 989 2426 rumpant!
1033 2361 1085 2411 540

199 2432 202 2439 ’
267 2424 340 2477 11555
353 2424 398 2477 nbi
411 2425 482 2478 diota
494 2425 575 2494 dedit,
589 2425 653 2476 solio
666 2441 696 2477 se
709 2425 774 2477 tollit
787 2426 822 2478 ab
834 2425 887 2478 alto
895 2442 903 2495 3

232 2491 266 2545 Et
279 2494 394 2563 primurn
406 2487 546 2548 Herculeis
558 2494 657 2616 sopitas
668 2494 776 2563 ignibus
787 2510 848 2546 aras

231 2561 344 2633 Excitat,
358 2563 568 2634 hesternumque
604 2580 676 2616 arem
691 2579 840 2686 parvosque
854 2562 963 2618 Penatis

231 2631 331 2684 Laetus
341 2632 397 2684 adit
403 2649 413 2702 3
432 2643 551 2686 mactant
564 2633 649 2686 lectas
661 2633 695 2684 de
709 2649 782 2685 more
814 2632 911 2686 identis

151 2739 218 2798 ml.
230 2739 258 2786 51
270 2749 387 2798 manner),
400 2741 431 2790 55
442 2759 494 2791 was
509 2742 590 2803 partly
601 2742 793 2802 Italian-,saa
809 2743 944 2801 Petebant,
957 2754 982 2793 et
998 2754 1084 2804 putare

157 2799 324 2905 perstitissent
343 2803 377 2849 rn'.
410 2801 458 2853 See
476 2818 492 2850 5
509 2801 602 2850 similar
620 2802 723 2863 ellipsis,
741 2803 773 2851 vi.
790 2807 942 2852 aete-1⁵23.v
961 2805 1084 2866 Cytherea.

178 2873 209 2905 ee
219 2868 244 2906 at
256 2859 271 2906 i.
283 2863 336 2909 257.
344 2863 434 2908 -526.
458 2860 485 2909 Il
490 2877 507 2910 a
517 2869 623 2921 trumpet
636 2863 666 2909 55
675 2862 784 2919 Tuscae,
794 2862 826 2910 its
837 2862 891 2925 peal
902 2878 959 2923 rnay
966 2865 996 2910 be
1005 2863 1085 2912 called

157 2917 261 2966 Tuscae
272 2918 332 2967 also.
360 2919 445 2969 Hence
456 2936 494 2967 we
506 2936 563 2980 may
574 2936 601 2968 sa
621 2955 627 2976 ,
639 2920 781 2980 Tyrrhenae
793 2923 867 2968 tubae
878 2921 992 2980 clangor;
1009 2937 1045 2979 or,
1056 2937 1084 2971 aa

156 2975 226 3033 5515,
243 2977 267 3025 Τ
281 2981 383 3034 rrimus
394 2981 463 3027 tabae
472 2980 578 3042 clangor,
592 2937 634 3027 tle
650 2979 769 3039 adjective
780 2980 836 3027 bein
865 2995 880 3026 5
890 2995 1003 3048 common
1014 2982 1082 3030 attri-

156 3036 218 3083 bute
229 3036 258 3084 of
264 2995 333 3085 ioth.
365 3034 421 3085 The
432 3041 487 3086 1555
503 3038 524 3086 is
540 3038 592 3086 said
608 3048 634 3086 to
649 3038 711 3085 have
729 3041 791 3086 been
807 2995 933 3085 aTuscan
949 3040 1082 3089 invention.

77 3144 87 3156 ‚
150 3093 199 3142 To
209 3094 242 3144 its
253 3096 308 3155 peul
319 3096 361 3144 the
378 3097 447 3145 shrill
458 3098 530 3147 clanlr
542 3098 570 3144 ol
583 3097 623 3144 the
635 3113 732 3145 armonr
743 3098 763 3144 is
774 3097 832 3144 here
844 3096 942 3145 likened
954 3099 1030 3153 (visus
1045 3100 1082 3147 in·

151 3154 245 3202 uctred
257 3155 283 3202 in
295 3157 366 3212 visa),
380 3157 472 3213 unless,
486 3156 582 3211 indeed,
595 3172 633 3203 we
645 3171 751 3214 suppose
763 3156 815 3203 that
827 3172 841 3202 5
852 3164 958 3214 trumpet
975 3158 1081 3220 actually
1099 3196 1103 3201 .

154 3212 196 3262 did
207 3212 309 3273 peul-
317 3218 369 3263 533.
396 3214 503 3278 Olympo,
517 3215 566 3264 dat.
578 3214 614 3262 for
625 3217 655 3262 55
669 3215 784 3275 Olympo.
792 3244 823 3254 -
831 3217 883 3262 534.
901 3216 964 3263 This
976 3219 1081 3276 promise

152 3271 231 3320 isnot
243 3273 384 3322 mentioned
400 3275 535 3322 elsewhere
552 3277 585 3335 by
597 3274 779 3335 virgil-542.
797 3273 840 3330 Er,
855 3274 903 3322 155.
936 3275 992 3323 The
1008 3292 1081 3325 sense

153 3330 240 3380 511515
249 3332 362 3381 doubtful
373 3348 476 3414 passage
487 3348 568 3381 seems
580 3344 605 3380 1ο
616 3335 656 3388 55,
667 3332 720 3380 1551
732 3334 829 3381 Aeneas
840 3333 935 3394 springs
945 3335 1019 3382 15155
1029 3336 1082 3384 Ara

152 3380 268 3439 5151555
278 3391 307 3439 51
317 3392 449 3452 yesterday
461 3409 473 3440 s
489 3391 630 3452 solemnity,
642 3401 667 3439 at
683 3392 765 3441 which
781 3395 842 3449 (103)
858 3393 928 3441 other
943 3393 1004 3455 gods
1015 3405 1081 3445 were

153 3449 320 3512 worshipped,
334 3452 377 3503 but
388 3450 523 3512 especially
534 3450 662 3499 Hercules.
