2242 3826
483 88 576 131 urna
595 86 640 130 'xa
693 47 704 65 ⁸
959 74 1023 137 ιω

166 219 287 273 Cultores
299 217 385 272 multa
396 216 546 287 premimus
557 218 669 285 vestigia
681 232 773 288 pruna,

167 289 216 357 ua,
230 289 316 355 Pater,
330 288 380 340 hoc
392 288 487 340 nostris
498 286 599 340 aboleri
610 287 731 340 dedecus
742 288 833 355 armis,

166 357 349 426 Omnipotens.
386 358 444 409 Non
458 357 570 408 exuvias
582 356 710 425 pulsaeve
723 366 861 426 tropaeum
965 365 1017 415 700

168 427 289 494 Virginis,
302 434 347 478 aut
360 427 442 496 spolia
455 425 509 478 ulla
522 436 599 494 pet03
617 426 684 478 mihi
697 435 787 478 cetera
798 427 907 482 laudem

167 494 251 549 Facta
263 496 365 563 ferent,
384 495 451 547 haec
463 495 520 548 dira
532 511 594 546 meo
606 494 672 546 dum
683 495 793 548 vulnere
805 499 890 566 pestis

167 565 248 618 Pulsa
261 565 347 630 cadat,
362 564 460 632 patrias
473 563 599 616 remeabo
611 564 738 631 inglorius
750 566 848 620 urbes.²

166 634 259 687 Audiit
273 642 300 685 et
312 633 365 685 voti
377 628 501 686 Phoebus
513 634 658 685 succedere
671 642 774 701 partem

166 703 261 756 Mente
274 702 356 772 dedit,
370 712 473 771 partem
486 702 601 754 volucris
612 701 736 770 dispersit
749 704 883 758 inauras:
966 710 1017 760 705

166 771 300 825 Sterneret
310 781 341 824 ut
353 772 440 825 subita
452 772 585 825 turbatam
597 781 682 824 morte
694 772 846 843 Camillam,

166 842 269 894 Annuit
282 842 365 893 oranti
372 857 380 908 5
399 842 526 894 reducem
539 850 568 892 ut
580 842 665 910 patria
676 841 730 893 alta
743 843 853 965 videret,

165 911 227 964 Nou
239 910 330 978 dedit;
349 911 430 979 inque
442 919 517 963 notos
529 926 624 962 rocem
637 920 741 962 vertere
753 915 841 982 procel
852 929 894 966 ae.

166 980 245 1049 Ergo,
258 988 287 1032 ut
299 979 382 1033 missa
394 996 476 1032 manu
489 980 605 1032 sonitum
616 976 691 1032 dedit
703 979 781 1034 hasta
792 1000 840 1053 per
851 980 940 1055 auras,

167 1050 328 1102 Convertere
340 1049 445 1102 animos
456 1049 526 1100 acris
537 1049 682 1117 oculosque
694 1050 781 1102 tulere
965 1056 1018 1107 800

166 1119 261 1171 Cuncti
272 1118 307 1171 ad
321 1119 439 1186 reginam
451 1118 549 1171 Volsci.
585 1117 661 1171 Nihil
673 1119 732 1187 ipsa
744 1136 795 1172 nec
807 1137 889 1173 aurae
956 1142 960 1147 ·

166 1188 225 1242 Nec
238 1188 340 1240 sonitus
353 1204 456 1240 memor
466 1195 513 1239 aut
524 1187 657 1239 venientis
667 1189 703 1240 ab
714 1189 825 1241 aethere
837 1189 893 1261 teli,

166 1256 251 1309 Hasta
262 1256 313 1310 sub
326 1265 459 1309 exsertam
471 1257 557 1309 donec
571 1256 671 1324 perlata
683 1259 811 1326 papillam

166 1326 266 1395 Haesit,
280 1327 485 1395 virgineumque
497 1326 551 1378 alte
563 1325 629 1379 bibit
641 1335 701 1378 acta
713 1344 841 1381 cruorem.

166 1397 329 1449 Concurrunt
341 1395 461 1464 trepidae
473 1396 593 1463 comites,
606 1395 796 1465 dominamque
808 1405 930 1452 ruentem
965 1403 1017 1451 800

100 1514 105 1519 .
166 1465 328 1534 Suscipiunt.
365 1465 443 1533 Fugit
455 1473 518 1517 ante
530 1467 617 1517 omnis
629 1467 772 1518 exterritus
782 1468 892 1537 Arruns,

96 1542 101 1549 ⁹
165 1535 281 1588 Laetitia
293 1535 429 1603 mixtoque
443 1532 525 1603 metu,
539 1550 590 1586 nec
600 1532 657 1602 jam
669 1535 784 1604 amplius
796 1535 889 1590 hastae

166 1605 290 1673 Credere,
303 1621 354 1656 nec
366 1604 426 1655 telis
438 1619 575 1656 occurrere
587 1605 697 1672 virginis
708 1603 800 1657 audet.

165 1675 207 1726 Ac
220 1673 293 1726 reiut
305 1673 357 1741 ille,
371 1673 443 1742 prius
454 1689 535 1741 quam
550 1673 602 1725 tela
614 1673 723 1725 inimica
734 1681 886 1745 sequantur,

166 1743 295 1795 Continuo
307 1741 333 1794 in
346 1742 444 1794 montis
455 1758 516 1793 sese
528 1741 604 1794 avius
614 1741 717 1795 abdidit
729 1741 797 1795 altos
965 1748 1017 1798 810

165 1813 259 1864 Occiso
271 1820 375 1880 pastore
388 1811 467 1879 lupus
478 1826 610 1877 magnove
621 1809 743 1879 juvenco,

120 1881 124 1887 '
166 1881 294 1933 Conscius
305 1880 417 1932 audacis
428 1879 500 1947 sacti,
513 1879 682 1948 caudamque
696 1879 848 1933 remulcens

166 1949 285 2019 Subjecit
298 1949 461 2018 pavitantem
475 1957 556 2016 utero,
571 1948 705 2017 silvasque
718 1949 827 2018 petivit:

166 2018 245 2071 Haud
259 2035 338 2070 secus
350 2036 383 2071 ex
396 2018 480 2070 oculis
491 2035 520 2069 se
535 2018 657 2071 turbidus
669 2018 778 2071 abstulit
791 2021 899 2091 Arruns,
924 2060 926 2064 »

166 2088 364 2156 Contactusque
379 2087 440 2156 luga
454 2087 550 2140 mediis
562 2104 592 2139 se
605 2088 748 2140 immiscuit
761 2090 851 2141 armis.
964 2093 1016 2144 sto

167 2157 215 2209 llla
229 2174 309 2210 manu
322 2158 439 2209 moriens
452 2157 537 2209 telum
551 2157 644 2225 trahit;
663 2173 723 2209 ossa
735 2156 782 2210 sed
797 2158 865 2211 inter

167 2225 281 2278 Ferreus
292 2226 326 2278 ad
339 2235 427 2278 costas
438 2226 492 2278 alto
505 2234 556 2279 stat
569 2225 677 2278 vulnere
689 2242 789 2279 mucro.

168 2295 278 2347 Labitur
290 2296 433 2363 exsanguis
440 2313 448 2364 5
467 2295 590 2348 labuntur
601 2294 697 2363 frigida
709 2295 762 2346 leto

93 2384 106 2394 ‘
166 2364 281 2417 Lumina
289 2381 296 2432 5
314 2380 463 2434 purpureus
474 2364 608 2434 quondam
622 2364 693 2415 color
703 2378 748 2414 ora
761 2362 876 2432 reliquit.

167 2434 240 2485 Tum
252 2434 290 2486 sic
302 2434 440 2502 exspirans
452 2438 562 2498 Accam,
576 2449 610 2485 ex
622 2431 780 2500 aequalibus
792 2449 881 2502 unam,
965 2438 1017 2487 820

166 2502 320 2571 Alloquitur
327 2519 335 2571 5
353 2503 407 2554 lida
418 2511 481 2555 ante
493 2501 560 2554 alias
571 2518 642 2571 quae
654 2501 710 2553 sola
721 2501 860 2572 Camillae,

166 2571 284 2630 Quicum
296 2572 384 2641 partiri
397 2587 489 2640 curas,
507 2580 587 2639 atque
599 2571 669 2623 haec
680 2571 716 2622 ita
728 2570 813 2623 fatur:

150 2643 153 2647 ’
168 2641 329 2708 ‘Hactenus
343 2643 417 2693 Acca
430 2657 507 2708 soror,
521 2641 609 2710 potui3
627 2656 699 2692 nunc
711 2639 807 2692 vulnus
819 2640 948 2695 acerbum

167 2709 287 2778 Conficit,
301 2720 328 2762 et
341 2710 458 2762 tenebris
471 2711 621 2777 nigrescunt
632 2710 721 2761 omnia
733 2709 843 2762 circum.

167 2779 267 2846 Effuge
279 2787 306 2830 et
319 2779 386 2831 haec
398 2778 487 2830 Turno
499 2778 624 2830 mandata
636 2778 779 2830 novissima
792 2779 894 2847 perier:
965 2782 1017 2831 825

86 2896 89 2901 .
166 2847 300 2900 Succedat
313 2863 416 2917 pugnae
428 2846 609 2916 Trojanosque
620 2855 710 2899 arceat
723 2848 796 2900 urbe.

157 2917 285 2985 Jamque
296 2917 376 2969 vale)
413 2916 497 2969 Simul
510 2915 552 2968 his
563 2916 644 2968 dictis
656 2915 792 2984 linquebat
806 2916 934 2988 habenas,

167 2985 212 3039 Ad
225 2995 322 3038 terram
336 3001 386 3038 non
399 2994 491 3054 sponte
504 2985 597 3037 fluens.
634 2985 704 3036 Tum
717 2984 813 3053 frigida
825 2995 879 3040 totu

167 3055 304 3107 Paulatim
316 3055 428 3107 exsolvit
440 3071 469 3106 se
482 3070 597 3122 corpore,
611 3052 736 3122 lentaque
748 3054 816 3106 colla

61 3130 67 3139 ’
166 3124 204 3178 Et
217 3133 326 3194 captum
339 3124 392 3176 leto
404 3124 491 3193 posuit
502 3122 590 3192 caput,
603 3139 678 3174 arma
691 3121 861 3192 relinquens,
965 3127 1019 3177 830

62 3270 69 3277 ”
117 3263 183 3311 788.
200 3259 334 3308 Premimus
343 3277 355 3316 ,·
372 3259 438 3307 what
450 3259 471 3306 is
482 3257 563 3306 below
572 3270 670 3316 presses
680 3256 795 3318 upwards
811 3271 843 3306 on
859 3255 903 3306 the
917 3254 1017 3308 lou.-

76 3323 147 3372 793.
167 3316 301 3430 Atlaprler,
313 3319 330 3368 i.
343 3321 462 3368 2.-800,
478 3315 584 3428 Qul,2fo¹r
594 3329 651 3374 qua.
