2320 3744
361 238 372 253 ,
474 178 657 229 comaron

175 316 218 370 Te
229 331 265 385 qu
302 330 344 383 ue,
356 329 456 383 rusgns
467 314 553 384 Peteq
566 322 594 368 et
605 323 634 368 te
644 313 827 385 memorando,
838 326 980 387 ornemus,

175 386 296 439 Pastore
326 385 488 454 Amphryso,
501 400 555 452 ros,
570 384 655 438 silvae
665 401 816 464 omnesque
828 385 939 454 Lycaei.

175 455 279 523 Cetera,
291 468 362 522 quse
373 469 475 506 vuouas
486 454 635 507 tenuissent
646 470 766 506 oermrne
779 461 892 523 mentes,

174 521 272 576 Omnia
283 522 340 593 jam
352 521 468 590 vulgata.
504 522 570 581 Quis
581 531 628 575 aut
640 521 792 592 Eurystheu
804 523 910 593 durum,

175 597 230 645 Aut
241 591 362 644 illaudati
378 593 464 644 nescit
477 590 606 644 Busiridis
616 591 696 645 erasi
1009 593 1027 645 Ι

175 660 226 714 cni
238 677 290 713 nun
301 661 390 714 dictus
401 660 486 730 Hylas
496 676 570 730 puer,
584 668 611 713 et
623 660 734 713 Latonia
746 660 834 730 Delos,

175 729 407 800 Hippodameque,
419 728 586 797 humeroque
599 729 695 799 Pelops
706 729 819 797 insignis
829 728 939 799 ebnmo,

175 801 249 853 Acer
259 798 356 868 equisi
392 798 534 851 Tentanda
546 798 588 850 vie
599 806 649 867 est,
660 814 715 867 qua
726 814 773 850 me
783 814 892 867 quoque
901 798 1002 868 possim

175 867 282 920 Tollere
294 866 385 936 numo,
398 868 536 937 victorque
548 867 636 920 virum
648 866 758 919 volitare
770 884 819 936 per
830 883 885 919 ora.
1031 928 1035 937 ὁ

176 936 284 990 Primus
356 935 384 989 in
433 936 510 989 triam
523 952 640 1006 mecum,
654 936 733 989 modo
745 936 801 988 vita
813 935 937 1007 supersit,
996 936 1032 990 10

176 1006 262 1059 Aonio
321 1004 381 1058 iens
411 1006 526 1058 educam
537 1005 642 1058 veruca
654 1005 764 1074 Muses3

178 1074 285 1127 Primus
296 1073 441 1128 idumaeus
452 1073 567 1126 reserem
580 1074 635 1144 tihi,
649 1075 770 1143 Mantus,
782 1072 888 1142 patrnos
894 1088 903 1142 3

176 1143 212 1196 Et
222 1142 301 1196 viridi
314 1143 340 1196 in
352 1159 449 1212 cumpo
461 1143 592 1212 tempium
605 1144 640 1196 de
652 1159 785 1197 marmore
798 1158 896 1212 punem

176 1212 287 1282 Propter
297 1228 404 1282 aquam,
417 1212 499 1265 tardis
510 1213 605 1280 ingens
616 1213 662 1266 ubi
674 1212 789 1265 flexibus
799 1219 870 1264 errat

176 1281 303 1350 Mincius,
316 1290 344 1333 et
356 1289 448 1333 tenere
459 1282 591 1350 praetexit
601 1281 732 1334 arundine
744 1282 823 1350 ripes.
996 1283 1028 1333 tu

175 1350 206 1402 ln
219 1349 309 1403 medio
321 1350 388 1403 mihi
400 1351 498 1404 Csesm
508 1351 568 1420 erit,
582 1349 768 1420 templumque
779 1347 892 1402 tenebit.

176 1419 219 1471 Illi
230 1420 314 1471 victor
324 1436 377 1488 ego
387 1428 414 1472 et
426 1420 507 1488 Tyrio
518 1429 678 1488 conspectus
690 1420 717 1471 in
728 1427 799 1471 ostro

174 1488 291 1540 Centum
302 1487 476 1559 quadriiugos
485 1488 592 1557 sgitsbc
603 1489 637 1540 ad
651 1488 763 1541 flumina
772 1502 874 1540 currus.

175 1556 278 1609 Cuncta
289 1557 364 1626 mihi,
378 1558 515 1627 Alpheum
526 1558 651 1626 linquens
663 1557 791 1627 lucosque
803 1554 944 1625 Molorchi,

119 1668 123 1671 .
175 1624 303 1679 Cursibus
314 1634 341 1678 et
353 1628 433 1679 omdo
445 1625 572 1680 decemet
584 1626 698 1679 Graecia
709 1633 819 1694 caestu3
992 1626 1029 1676 ‘20

125 1726 128 1731 -
175 1694 245 1763 ipse,
258 1704 338 1764 ceput
350 1705 442 1748 tonsae
454 1695 524 1748 soliis
534 1705 643 1749 ornatus
654 1695 750 1764 olivae,

175 1763 251 1816 Dona
262 1763 357 1818 ierem.
392 1765 452 1818 iem
466 1781 536 1817 nunc
548 1765 685 1817 sollemnis
696 1763 796 1816 ducere
808 1776 921 1833 pompas

175 1832 219 1885 Ad
231 1833 344 1887 delubra
353 1833 437 1903 juvat,
450 1849 597 1903 caesosque
608 1833 701 1885 videre
713 1832 858 1903 juvencum

120 1924 122 1927 ·
176 1901 227 1954 Vel
240 1919 338 1955 scaena
348 1911 378 1955 ut
390 1904 475 1956 versis
485 1903 607 1955 discedat
620 1901 756 1972 frontibus,
769 1910 853 1971 utque

175 1970 229 2023 Pur
247 1988 313 2024 nrea
323 1973 417 2025 intexti
429 1972 521 2025 tollant
532 1971 628 2024 aulaea
641 1970 769 2024 Britanni.

123 2064 127 2073 ·
175 2038 206 2092 in
228 2040 320 2094 oribus
330 2056 448 2110 pugnarn
461 2057 496 2093 ex
506 2057 571 2093 auro
583 2039 720 2109 solidoque
732 2038 875 2108 elephanto

121 2134 125 2141 =
175 2109 360 2178 Gangaridum
372 2110 478 2179 faciam,
491 2110 651 2179 victorisque
662 2125 739 2162 enne
748 2108 872 2177 Quirini3

175 2179 267 2246 Atque
279 2178 323 2232 hic
335 2179 483 2233 undantem
494 2178 565 2232 heile
578 2194 761 2247 magnumque
772 2177 905 2231 fluentem

175 2246 277 2317 Nilum,
290 2264 324 2300 ac
335 2249 425 2302 navali
437 2256 577 2317 surgentes
588 2262 650 2300 sere
660 2247 809 2300 columnas.

177 2316 285 2370 Addam
298 2317 378 2371 urbes
389 2319 471 2371 Asiae
483 2317 606 2386 domitas,
619 2316 782 2386 pulsumque
793 2314 939 2386 Niphaten,
990 2317 1027 2368 30

87 2444 91 2449 ,
122 2410 126 2419 ·
175 2383 373 2456 Fidentemque
385 2387 449 2455 fuge
461 2386 589 2440 Parthum
602 2386 740 2455 versisque
752 2385 864 2455 sagittis,

176 2453 211 2507 Et
223 2455 277 2508 duo
289 2465 364 2525 repta
375 2473 458 2509 manu
470 2455 575 2508 diverso
587 2471 622 2508 ex
635 2456 711 2507 hoste
722 2463 855 2524 tmpsem’

175 2522 276 2593 Bisque
289 2524 465 2595 triumphatas
477 2533 589 2594 utroque
601 2524 636 2577 eb
648 2523 723 2576 litore
735 2523 832 2591 gentis.

175 2591 287 2646 sunum
299 2602 326 2646 et
338 2595 409 2648 Perii
421 2593 532 2664 lapides,
546 2593 673 2663 spirantia
685 2593 768 2661 signa,
1007 2658 1010 2662 .

175 2662 302 2714 Assaraci
334 2662 409 2733 roles,
422 2662 612 2732 demissaeque
623 2662 659 2714 ab
669 2662 736 2715 Jove
747 2660 836 2729 gentis
993 2659 1029 2712 rt

175 2730 300 2810 Nomina,
313 2679 432 2802 irasque
444 2749 541 2802 parens
552 2741 580 2786 et
591 2730 686 2800 ijae
699 2730 831 2799 Cynthius
841 2735 941 2785 auctor.

175 2799 280 2852 Invidia
291 2800 383 2855 infelix
395 2802 491 2856 Furius
502 2816 668 2870 amnemque
680 2815 804 2853 sevsmm

174 2868 267 2939 Cocyti
280 2878 391 2942 metuet,
404 2879 540 2940 tortosque
552 2869 650 2923 Ixionis
659 2868 755 2936 anguis

174 2937 381 3009 immanemque
393 2949 487 3008 mtrem,
500 2947 528 2991 et
539 2955 593 2992 nou
603 2937 791 3007 exsuperabile
802 2952 908 2990 saxum.

136 3072 188 3117 l·8.
205 3068 249 3119 Vir
267 3068 284 3117 il
302 3068 442 3117 introduces
459 3066 500 3116 his
514 3065 738 3126 subject-horson,
754 3079 829 3122 oxon,
846 3064 931 3124 sheep,
993 3068 1027 3119 te,

105 3126 154 3176 aud
163 3084 289 3188 noge-iq
302 3127 445 3187 addressing
461 3125 543 3181 Pales,
556 3124 599 3193 the
614 3124 720 3187 goddess
736 3122 765 3177 ci
776 3123 921 3192 shppherdq
933 3079 1029 3190 ffitte

106 3183 205 3243 (Pastor
214 3187 243 3237 at
253 3184 404 3253 Amphryso),
417 3185 465 3233 and
476 3183 590 3239 Arcadia,
604 3183 650 3232 aud
660 3185 695 3243 by
705 3198 831 3242 expressio
856 3182 895 3230 hrs
905 3191 1030 3231 intention

105 3253 131 3292 to
141 3242 205 3293 chun
215 3242 257 3290 the
268 3243 361 3301 mythic
371 3245 467 3291 themes
475 3242 504 3290 of
510 3242 622 3301 ordinary
630 3252 707 3301 poete.
714 3244 820 3290 -9-39.
862 3257 875 3288 e
886 3241 907 3288 is
918 3251 944 3288 to
952 3238 1028 3289 make

106 3299 209 3349 Mantus
219 3300 351 3347 renowned
361 3300 399 3348 for
409 3300 542 3360 producing
552 3315 567 3347 c
576 3310 643 3359 poet,
655 3300 722 3356 who,
735 3300 867 3348 victorious
878 3299 904 3348 in
913 3299 957 3348 the·
967 3314 1017 3348 con

105 3366 156 3425 tot
165 3358 194 3405 oi
203 3358 300 3418 genius,
312 3358 377 3406 shsli
387 3359 509 3406 celebrate
519 3359 545 3406 in
555 3368 624 3418 song.
637 3358 685 3409 end
693 3359 754 3409 nith
763 3358 837 3409 sestel
846 3373 941 3421 gemes,
954 3357 1029 3409 enda

106 3415 298 3476 retroeundo,
312 3416 602 3477 thepruiseroiCessar.
821 3450 824 3456 Δ
853 3458 857 3463 .
