2308 3780
468 234 563 279 arasa
582 234 625 277 nr.
953 204 1013 279 ’ἰδὲ

158 365 280 438 Pellitur,
293 366 357 420 huic
368 373 424 420 atro
435 365 572 435 liquuntur
583 362 714 431 sauguine
724 368 817 431 guttas

160 437 193 492 Et
206 445 305 490 terram
316 436 379 489 tabo
390 436 536 489 maculant.
571 433 642 488 Mihi
656 432 766 501 frigidus
777 432 867 485 horror

160 506 288 559 Membra
298 506 391 575 quatit,
404 504 564 574 gelidusque
576 502 629 555 coit
641 502 782 555 formidine
794 501 913 572 sanguis.
978 507 1014 559 30

159 576 260 629 Rursus
271 583 298 627 et
310 574 421 627 alterius
432 574 537 627 lentum
548 570 701 626 convellere
712 571 805 624 vimen

91 668 95 677 ·
159 645 288 714 Insequor
300 652 326 696 et
338 660 435 696 causas
446 644 554 714 penitus
566 650 669 694 tentare
682 639 803 693 latentis:

160 717 227 767 Ater
238 722 266 766 et
277 713 388 766 alterius
399 711 519 782 sequitur
530 711 565 764 de
577 710 675 763 cortice
687 726 733 763 sarr
774 710 805 762 is.

160 783 250 836 Multa
260 798 372 835 movens
383 782 473 834 animo
484 780 628 850 Nymphas
640 795 738 831 venera
757 795 786 831 ar
796 778 910 847 agrestis

161 851 362 920 Gradivumque
373 859 485 920 petrem,
499 850 601 903 Geticis
612 848 659 918 qui
671 847 806 917 praesidet
817 849 896 921 arvis,
980 852 1014 904 35

160 920 219 973 Rite
231 921 410 973 secundarent
421 920 497 973 visus
506 933 642 987 omenque
653 918 782 971 levarent.

99 978 106 1001 '
160 990 250 1043 Tertia
262 989 310 1042 sed
322 997 463 1058 postquam
474 988 528 1042 rna'
547 1005 575 1041 re
586 986 693 1041 hastilia
703 987 763 1041 nisu

159 1059 307 1126 Aggredior
317 1058 485 1127 genibusque
497 1075 513 1109 a
533 1073 627 1110 versae
639 1056 759 1109 obluctor
769 1070 903 1110 arenae-

161 1129 286 1198 Eloquar,
298 1144 332 1181 an
345 1126 441 1180 sileam
448 1127 612 1195 l-gemitus
623 1125 798 1179 lacrimabilis
809 1126 863 1179 imo

161 1197 275 1250 Auditur
287 1196 397 1265 tumulo,
411 1204 438 1249 et
449 1212 502 1249 vox
513 1194 618 1249 reddita
630 1195 712 1247 lertur
722 1196 757 1247 ad
769 1196 857 1249 auris:
979 1201 1014 1252 40

116 1326 119 1333 .
162 1267 179 1299 “
187 1266 257 1326 Quid
269 1266 404 1333 miserum,
418 1268 520 1334 Aenea,
534 1264 655 1318 lacerasl
671 1263 728 1335 jam
741 1281 821 1333 parce
833 1265 952 1338 sepult03

161 1335 245 1389 Parce
256 1337 315 1404 pias
327 1334 458 1387 scelerare
470 1351 576 1388 marrus.
611 1335 671 1388 Non
684 1350 729 1385 me
742 1334 791 1386 tibi
802 1334 882 1404 Troja

161 1405 310 1458 Externum
322 1404 390 1472 tulit,
403 1412 450 1456 aut
461 1420 538 1457 cruor
550 1403 595 1456 hic
606 1403 641 1455 de
654 1403 745 1472 stipite
756 1412 857 1457 manat.

161 1472 238 1528 Heu!
259 1474 323 1542 luge
335 1472 452 1527 erudelis
465 1482 555 1543 terras,
568 1473 632 1541 luge
644 1472 707 1526 litus
718 1488 840 1526 avarum.

161 1543 232 1596 Nam
245 1543 392 1613 Polydorus
404 1558 462 1622 ego.
498 1543 548 1595 Hie
560 1542 694 1595 confixum
707 1541 794 1595 ferrea
805 1542 872 1596 texit
979 1546 1014 1599 45

161 1611 286 1665 Telomm
299 1626 378 1681 seges
390 1619 416 1664 et
427 1612 523 1681 yaculis
535 1611 645 1664 increvit
656 1611 770 1664 acutis.²'

161 1681 233 1734 Tum
246 1698 307 1734 vero
319 1681 427 1751 ancipiti
439 1689 559 1734 mentem
572 1680 713 1734 lorrnldlne
744 1690 835 1734 ressus

161 1750 301 1820 Obstupui,
315 1759 498 1819 steteruntque
510 1766 604 1802 comae
616 1759 644 1803 st
656 1766 707 1803 vox
719 1698 842 1805 dducibus
854 1749 950 1805 lraeslt

198 1820 290 1872 ‘Hunc
303 1820 462 1890 Polydorum
474 1820 532 1872 auri
543 1819 678 1890 quondam
690 1837 752 1873 curn
766 1820 883 1889 pondere
894 1835 992 1890 magno

162 1887 261 1942 Infelix
271 1889 394 1942 Priamus
405 1889 497 1942 lurtirn
510 1888 649 1943 mandarat
661 1888 790 1942 alendum
981 1893 1016 1944 50

161 1957 289 2010 Threicio
301 1959 363 2027 regi,
376 1975 440 2011 eum
450 1957 507 2027 jem
519 1957 654 2011 dillideret
664 1958 748 2011 armis

162 2026 320 2095 Dardaniae,
333 2028 458 2097 cingique
471 2027 566 2080 urbem
578 2026 715 2080 obsidione
729 2026 840 2080 videret.

161 2095 219 2164 Ille,
233 2105 263 2149 ut
274 2113 340 2165 opes
351 2097 451 2149 fractae
463 2097 606 2167 Teucrum,
620 2105 646 2149 et
659 2096 775 2150 Fortuna
787 2095 905 2168 recessit,

161 2165 217 2219 Res
228 2166 455 2234 Agamemnonias
466 2166 640 2236 victriciaque
652 2182 728 2219 arma
739 2176 855 2237 secutus,

161 2233 216 2287 Fas
227 2251 307 2287 omne
318 2236 469 2305 abrumpitj
488 2235 648 2305 Polydorum
660 2235 806 2305 obtruncat,
820 2245 847 2290 et
858 2253 923 2291 auro
981 2241 1015 2292 5⁵

160 2303 194 2355 Vi
207 2304 314 2373 potitur.
349 2304 420 2363 Quid
432 2320 485 2357 non
498 2304 619 2357 mortalia
631 2313 738 2375 pectora
749 2308 830 2377 cogis,

159 2373 227 2426 Auri
239 2372 429 2427 sacrafamesl
660 2410 665 2420 ·

459 2443 618 2512 ‘Postquam
631 2458 712 2513 paror
722 2460 783 2496 ossa
795 2443 910 2514 reliquit,

160 2511 288 2564 Delectos
299 2511 389 2581 populi
401 2510 436 2564 ad
449 2529 570 2582 proceres
582 2514 753 2582 primumque
764 2523 904 2583 parentem

161 2580 283 2634 Monstra
295 2582 378 2633 deum
392 2581 483 2650 refero,
497 2589 531 2650 et,
545 2598 616 2650 quae
628 2583 661 2634 sit
673 2582 814 2651 sententia,
827 2598 916 2651 posco.

160 2649 294 2702 Omnibus
306 2650 378 2703 idem
390 2650 505 2718 animus,
519 2650 649 2703 scelerata
662 2650 793 2704 excedere
806 2660 883 2721 terra,
981 2655 1016 2705 60

96 2746 101 2753 ’
118 2766 158 2812 35.
177 2763 320 2829 Gradivum,
332 2779 348 2811 a
357 2779 428 2812 noros
444 2763 481 2812 for
496 2764 574 2820 Mars,
586 2764 649 2813 t'rom
664 2764 703 2812 his
718 2765 814 2814 martial
829 2766 1014 2873 εῑορᾈὲηάἰοτ.

90 2825 167 2871 —ee
190 2821 326 2871 Venercbcr
336 2832 362 2871 ut
373 2826 530 2871 scerrndcreat
539 2839 550 2881 ,·
568 2827 705 2879 secundare,
718 2834 745 2871 to
756 2833 811 2874 turn
822 2834 848 2873 to
857 2841 889 2885 go
923 2828 1013 2881 .-·42.

89 2880 140 2931 bc.
174 2880 567 2950 Construerrcrrwithcsternnm.
595 2882 650 2930 The
662 2882 717 2930 idea
726 2883 840 2932 involved
850 2884 875 2932 in
883 2884 932 2931 this
944 2883 1016 2932 lstter

90 2939 159 2988 word
169 2940 288 3000 probably
296 2955 379 2988 recurs
390 2956 415 2989 ru
427 2940 468 2988 the
479 2951 536 2989 next
548 2941 639 2997 clause,
652 2951 767 2989 externus
777 2959 854 2991 mor.
887 2943 923 2990 Or
933 2944 1017 3005 stipite

88 3013 147 3106 qqsy
158 3000 190 3046 bs
205 2999 368 3105 emphaticsl?
378 3000 420 3106 I:it
436 2999 457 3047 is
474 3012 516 3047 nor
531 2999 593 3048 from
610 3001 652 3048 rlre
668 3012 725 3056 trec,
743 3002 786 3049 but
804 3002 866 3070 lrorrr
882 3002 1014 3050 ποθ-45.

88 3058 1015 3188 ,tarmusassumuntur:{terrenum

88 3134 221 3224 adestne
230 3174 280 3243 sud
290 3175 418 3232 infimove,
431 3177 478 3224 and
489 3176 531 3222 the
542 3177 668 3235 imperfect
680 3178 833 3236 subjunctive
844 3178 873 3225 os
885 3178 933 3227 this
944 3181 1013 3234 verb,

15 3318 16 3321 Ἴ
87 3249 128 3341 ²sire
145 3234 535 3342 segretrmeqdquqd,,esplecilally
544 3236 570 3342 ἔτι
581 3235 623 3342 theJ
638 3248 716 3295 puers,
730 3236 758 3304 qs
769 3238 811 3284 the
822 3236 887 3326 tlrird
900 3238 1014 3304 conjuga·

15 3342 17 3411 g
86 3304 1015 3422 rursus,ntdilatetur*ttutttrlltttttflttttr

85 3411 215 3480 geusmlly
229 3411 363 3471 expressed
379 3412 413 3473 by
428 3428 444 3462 a
461 3428 579 3474 prououn.
610 3413 659 3462 Sos
674 3427 707 3462 ιν.
722 3415 861 3463 lla-57.
877 3411 952 3476 Sacro
967 3409 1014 3457 dus

84 3469 351 3531 rulsrmexsecnuds.
776 3514 780 3521 ,
