2308 3780
486 167 648 227 marnoa.

175 298 245 350 Tum
258 312 321 349 vcro
333 296 462 349 attonitae
474 295 601 353 monstris
612 306 744 365 actaeque
757 293 846 351 lurore
987 360 990 363 Ι

174 368 357 432 Conclamant,
371 365 530 434 rapiuntque
544 365 609 418 loeis
621 365 804 435 penetralibus
816 365 908 432 ignem
916 379 926 434 5
978 367 1035 418 nm

175 436 241 490 Pars
252 434 367 505 spoliant
379 452 447 502 aras,
461 433 584 488 frondem
597 451 629 485 ac
642 434 756 503 virgulta
768 433 897 503 lucesque
1125 426 1127 443 '

176 505 334 574 conjiciunt.
370 503 445 557 Furit
458 504 586 556 immissis
599 503 734 555 Vulcanus
747 502 861 556 habenis

175 574 301 627 Transtru
313 590 361 643 pet
372 583 399 626 et
413 590 500 626 remos
512 583 538 625 et
551 573 637 642 pictas
647 572 737 626 abiete
750 572 856 642 puppis,

175 644 293 698 Nuntius
305 643 441 696 Anchisae
453 642 487 695 ad
501 641 634 695 tumulum
648 658 803 711 cuneosque
817 639 915 697 theatri

176 714 304 767 lucenses
315 713 413 782 pensent
427 712 502 764 navis
515 710 655 779 Eumelus,
669 720 696 764 et
709 711 718 763 i
738 712 760 762 si
981 713 1035 762 665

176 782 331 851 Respiciunt
343 794 430 834 atram
443 781 469 834 in
482 780 574 835 nimbo
587 780 696 833 volitare
708 728 839 833 livillam.

176 851 283 905 Primus
295 860 322 901 et
335 850 476 918 Ascanius,
489 867 584 903 cursus
597 862 626 902 ut
638 850 727 903 laetus
738 846 871 919 equestris

176 919 306 987 Ducebat,
320 919 359 970 sic
371 935 434 971 acer
445 936 515 989 equo
528 920 634 972 turbata
646 919 740 989 petivit

176 989 276 1056 Castra,
292 1005 341 1040 uec
354 988 493 1041 exanimes
504 1003 615 1058 possunt
627 989 742 1045 retinere
754 986 884 1057 magistri.

177 1057 260 1117 ‘Quis
279 1056 351 1109 furor
368 1057 419 1111 iste
437 1056 612 1127 novusl'quo
624 1074 703 1128 nunc,
717 1074 770 1128 quo
782 1055 908 1125 tenditisss
922 1055 962 1109 in·
1001 1127 1036 1177 ⁷⁰

265 1127 302 1178 uit
981 1128 999 1176 6

178 1143 264 1249 ‘Heril
268 1165 381 1248 miserae
393 1195 486 1249 civesl
504 1213 555 1250 non
567 1195 673 1250 hostem
685 1195 849 1265 inimicaque
861 1201 954 1251 castro

177 1267 444 1332 Argivom-vestras
455 1283 518 1334 spes
529 1265 614 1318 uritis.
651 1267 701 1335 En,
714 1283 764 1333 ego
777 1274 867 1318 vester

177 1335 310 1388 Ascanius
320 1333 480 1402 l’-galeam
492 1343 555 1387 ante
568 1334 653 1404 pedes
666 1335 776 1405 projecit
789 1335 906 1401 inanem,

177 1403 237 1463 Qua
249 1403 311 1456 ludo
325 1403 432 1456 indutus
444 1403 509 1459 belli
520 1404 663 1457 simulacra
675 1405 775 1461 ciebat.

179 1473 321 1525 Accelerat
335 1473 414 1526 simul
428 1476 542 1541 Aeneas,
556 1473 637 1527 simul
648 1473 758 1542 agmina
769 1473 914 1535 Teucrum.
982 1475 1036 1526 616

177 1543 227 1595 Ast
241 1542 301 1593 illae
314 1540 420 1594 diversa
433 1551 508 1595 metu
520 1559 568 1612 per
580 1543 655 1595 litora
668 1544 770 1612 passim

177 1609 335 1678 Diffugiunt,
348 1611 485 1680 silvasque
498 1621 524 1663 et
538 1612 623 1664 sicubi
635 1629 753 1665 concava
765 1610 858 1665 furtim

131 1718 135 1723 .
178 1677 247 1731 saxa
259 1687 368 1748 petunt3
390 1681 463 1749 piget
477 1682 575 1750 incepti
589 1681 719 1751 lucisque,
733 1697 849 1749 suosque
883 1744 887 1751 ⁴

177 1747 301 1801 Mutatac
313 1763 469 1819 agnoscunt,
483 1767 649 1819 excussaque
662 1761 769 1820 pectore
781 1751 850 1803 luno
863 1757 913 1802 est.

178 1816 230 1869 sert
243 1835 293 1870 non
307 1817 406 1870 idcirco
419 1818 545 1871 flammae
558 1830 639 1888 atque
652 1820 777 1873 incendia
790 1820 861 1872 vires
982 1823 1037 1872 680

177 1886 325 1940 indomitas
338 1904 450 1957 posuere
458 1905 467 1956 3
485 1887 538 1939 udo
550 1889 601 1941 sub
614 1888 705 1942 robore
718 1890 785 1943 vivit

177 1955 278 2025 Stuppa
290 1973 402 2010 vomens
414 1956 520 2009 tardum
533 1956 647 2026 fumum,
661 1956 802 2027 lentusque
815 1955 921 2011 carinas

179 2024 227 2078 Eat
241 2042 328 2094 vapor,
342 2035 369 2078 et
382 2035 435 2078 toto
448 2026 588 2078 descendit
600 2026 709 2096 corpora
722 2028 813 2097 pestis,

178 2092 238 2146 Nec
249 2095 318 2146 vires
331 2095 441 2148 heroum
455 2095 597 2164 infusaque
609 2096 722 2150 flumina
733 2101 850 2166 prosunt.
948 2142 951 2149 ,

177 2162 247 2214 Tum
261 2164 321 2242 pius
333 2167 441 2218 Aeneas
453 2165 572 2217 humeris
583 2165 742 2219 abscindere
755 2175 868 2233 nestum¹
982 2168 1053 2235 685⁷

177 2232 339 2301 Auxilioque
353 2250 447 2286 vocare
459 2233 532 2300 deos,
546 2243 572 2286 et
586 2234 696 2287 tendere
708 2235 829 2304 palmas:

180 2301 299 2379 ‘Jupiter
310 2304 485 2372 omnipotens,
499 2304 521 2356 si
534 2303 652 2357 nondum
665 2320 762 2359 exosus
773 2303 808 2356 ad
822 2318 908 2356 unum

177 2368 312 2440 Trojanos,
326 2371 349 2423 si
361 2371 423 2441 quitl
438 2372 525 2440 pictas
537 2372 647 2441 antiqua
659 2372 765 2427 labores

177 2439 295 2508 Respicit
307 2440 446 2509 humanos,
460 2441 495 2493 da
508 2441 646 2495 flammam
660 2442 774 2494 evadere
787 2439 867 2494 classi

177 2508 265 2578 Nunc,
279 2509 365 2578 Pater,
378 2518 406 2562 et
419 2511 507 2563 tenuis
518 2511 656 2564 Teucrum
671 2528 713 2564 res
721 2510 797 2583 eripe
809 2509 873 2563 leto.
981 2512 1037 2562 696

137 2682 190 2726 662.
206 2678 263 2726 The
284 2678 366 2727 notiori
385 2678 414 2726 ol
432 2678 554 2738 tlrrowing
571 2678 614 2727 the
633 2678 698 2727 rains
717 2678 784 2727 loose
802 2693 836 2726 on
852 2676 896 2725 tlre
914 2676 980 2726 back
1001 2676 1033 2725 ol

107 2735 203 2793 horsea,
216 2737 273 2785 thus
286 2738 373 2798 urging
383 2737 450 2785 them
462 2753 494 2785 on
505 2747 531 2784 to
542 2737 673 2806 unbridlcd¹
685 2738 769 2796 speon,
782 2737 803 2785 is
815 2735 963 2787 transferred
974 2735 1036 2785 heta

109 2805 135 2843 to
146 2796 188 2843 the
199 2796 342 2844 unchecked
376 2812 471 2856 rogness
487 2795 515 2844 ol
526 2795 579 2852 fine,
593 2797 640 2865 and
651 2813 683 2844 vr.
696 2802 718 2854 1,
731 2806 756 2844 to
767 2813 782 2844 a
792 2796 848 2843 lieet
867 2794 944 2866 urged
958 2809 992 2842 on
1008 2803 1035 2844 at
1125 2816 1126 2821 ¹

108 2865 201 2903 utmost
218 2855 300 2914 speed.
359 2857 469 2905 alconus.
501 2855 548 2902 Sec
565 2865 588 2902 at
603 2858 788 2903 inm-663.
806 2855 844 2902 Ex
862 2856 944 2911 abiete,
961 2852 1035 2902 three
1125 2896 1126 2901 ,

108 2914 329 2982 syllables-664.
345 2913 450 2981 [Concor.
478 2912 533 2960 The
550 2924 616 2962 scats
632 2913 661 2961 ol
672 2914 713 2961 the
731 2913 828 2982 Roman
844 2912 953 2961 theatres
965 2927 1035 2960 wcrc
1125 2926 1126 2929 ’

108 2971 1037 3098 ltnlllnlnllsslilii?’llllillssssllnlllll{illul-{nn

108 3084 165 3132 Iste.
197 3086 252 3154 The
264 3103 372 3145 pronoun
383 3090 407 3136 ol
420 3089 459 3136 the
471 3091 668 3158 secondperson.
676 3094 764 3139 -673,
784 3090 890 3138 Galeam.
918 3089 966 3136 Sec
978 3091 1035 3138 556.

107 3142 402 3256 {intentionenr
416 3147 459 3256 ln
474 3158 669 3254 sennenn
684 3149 727 3255 ln
744 3149 816 3256 ⁰ll²⁰t
833 3147 1037 3256 lincis

109 3265 124 3295 a
134 3251 205 3297 horse
217 3253 237 3298 is
248 3255 314 3303 freed
325 3240 425 3308 whenit
437 3240 530 3310 tlirows
541 3223 762 3314 imeridzpnr-ssegp
772 3223 843 3314 §sepo
853 3266 902 3313 See
913 3220 995 3314 irioni
1003 3286 1040 3303 -

109 3309 162 3407 spes
179 3308 329 3378 nuscanum,
342 3317 519 3385 irrepserint
535 3323 662 3374 infinitivo.
685 3325 733 3375 see
745 3326 845 3388 zumpn
858 3325 1039 3377 twa-⁶8⁸·

135 3369 202 3409 retae
234 3365 281 3413 See
292 3383 307 3415 r.
319 3373 373 3430 378,
386 3389 410 3422 u.
422 3381 475 3427 536.
