2320 3744
516 191 611 235 meaa
630 193 662 237 rt.
693 246 695 250 ι
1009 177 1051 241 δῦ

232 319 389 375 Seminibus
397 319 498 391 positis,
511 328 633 390 superest
644 320 774 387 diducere
785 326 884 377 temam

197 389 311 460 Saepius
322 389 357 442 ad
370 389 466 460 capita,
480 398 507 444 et
518 389 599 443 duros
609 390 711 460 jactare
723 389 847 460 bidentis,
996 394 1047 446 356

197 462 253 513 Aut
265 475 358 529 presso
370 474 495 512 exercere
507 459 593 513 solum
607 459 657 513 sub
670 476 786 530 vomere,
799 468 827 514 et
839 460 897 530 ipsa

197 528 323 585 Flectere
333 528 460 582 luctantis
472 529 539 582 inter
550 529 641 583 vineta
650 529 794 599 juvencos:

197 598 269 652 Tum
281 598 350 652 lsrie
362 597 481 651 calamos
492 605 519 651 et
532 614 608 651 rasae
620 598 730 653 bestilia
741 598 832 667 virgae

197 666 398 747 Fraxineasque
409 675 502 738 aptare
513 667 597 721 sudes
607 667 750 738 furcasque
762 668 885 740 valentis,

198 736 309 790 Viribus
319 737 384 790 eruti
396 753 511 806 quarum
523 745 551 790 et
563 745 736 792 contemnere
749 745 843 793 ventos
998 742 1049 807 36⁰
1096 756 1098 762 ·

161 846 164 849 -
197 805 377 876 Adsuescant,
391 822 567 886 summaeque
579 808 655 876 sequi
668 806 787 861 tabulata
799 824 847 878 per
857 807 955 863 ulmos.

231 877 282 945 Ac.
296 875 363 929 dum
373 876 461 946 prima
471 892 549 929 noris
559 875 688 930 adolescit
699 876 838 931 frondibus
847 886 933 949 aetas,

196 944 369 999 Parcendum
380 945 495 1014 teneris3
513 953 541 999 et
552 945 618 999 dum
629 963 660 999 ss
671 947 759 1000 laetus
768 945 804 1000 ad
815 962 895 1003 auras

197 1013 309 1068 Palrnes
319 1014 382 1084 agit,
395 1014 464 1069 laxis
494 1032 524 1068 er
535 1031 631 1085 purum
643 1016 781 1068 immissas
792 1015 915 1087 habenis,

196 1083 330 1137 Isaacie
342 1083 461 1138 nondum
473 1032 552 1138 ibicis
564 1085 698 1152 tentanda,
710 1084 759 1138 scd
772 1085 848 1139 uncis
999 1088 1050 1139 ³66

237 1153 355 1223 rpendae
366 1153 492 1207 manibus
503 1154 612 1207 frondes
623 1154 745 1223 interque
757 1153 897 1222 legendae.

197 1222 265 1276 lnde
276 1223 323 1277 ubi
333 1223 391 1292 jam
403 1223 502 1277 validis
512 1222 655 1292 amplexae
667 1223 794 1292 stirpibus
804 1223 893 1277 ulmos

197 1291 328 1362 Exierint,
342 1301 400 1346 tum
412 1292 511 1361 stringe
523 1308 623 1361 comas,
637 1300 695 1345 tum
707 1290 818 1345 brachia
829 1292 926 1346 tonde:

194 1363 267 1416 Ante
280 1360 453 1416 reformidant
465 1361 583 1429 serrum5
601 1369 659 1414 tum
670 1361 787 1430 denique
798 1361 866 1415 dura

197 1430 304 1485 Exerce
316 1432 437 1501 imperia,
450 1440 479 1484 et
490 1447 579 1484 ramos
590 1447 733 1499 compesce
745 1430 863 1485 fluentia
999 1433 1051 1484 370

161 1510 164 1517 “
232 1499 379 1569 Texendae
390 1517 471 1570 sepes
482 1500 574 1570 etiam,
587 1508 615 1553 et
627 1516 711 1579 pecus
721 1516 802 1561 omne
816 1498 963 1554 tenendum
970 1515 979 1569 3

196 1570 346 1641 Praecipue
358 1569 424 1623 dum
437 1569 510 1622 frons
521 1577 613 1623 tenera
625 1569 834 1639 imprudeusque
847 1569 977 1641 laborum,

197 1639 255 1710 eui,
268 1655 349 1713 super
361 1638 485 1708 indignas
496 1638 603 1709 hiemes
614 1638 753 1708 solemque
766 1648 910 1709 potentem,

196 1708 341 1762 silvestres
352 1708 393 1763 uri
404 1707 518 1762 adsidue
529 1724 680 1779 capraeque
692 1725 825 1788 sequaces

196 1778 324 1847 Illudunt,
337 1786 483 1848 paecumtu
495 1794 560 1831 ores
571 1777 721 1847 avidaeque
732 1794 874 1846 Jureucae.
997 1781 1049 1832 ato

197 1848 308 1916 Frigora
319 1864 370 1900 neo
383 1856 486 1900 tantum
499 1863 566 1900 cana
577 1856 701 1900 concreta
712 1847 815 1917 pruina,

196 1918 253 1970 Aut
264 1917 356 1985 gravis
366 1916 527 1970 incumbens
539 1916 656 1985 scopulis
667 1916 805 1970 arentibus
815 1923 913 1987 aestas,

197 1986 334 2045 Quantum
349 1985 387 2038 illi
399 2002 515 2039 nocuere
527 2002 623 2054 greges
633 1984 747 2055 durique
759 2002 897 2041 venenum

197 2056 294 2109 Dentis
306 2065 333 2109 et
345 2055 468 2109 admorso
480 2055 585 2123 signata
597 2055 623 2107 in
636 2054 719 2124 stirpe
731 2055 851 2109 cicatrix.

197 2125 258 2178 Non
271 2125 354 2177 aliam
368 2124 403 2177 ob
415 2124 523 2193 culpam
537 2123 642 2177 Baccho
654 2140 735 2191 caper
745 2124 871 2179 omnibus
882 2124 936 2179 aris
1000 2129 1051 2179 380
1150 2154 1151 2157 =

198 2193 332 2263 Caeditur,
346 2202 373 2246 et
385 2201 493 2246 veteres
503 2193 596 2246 ineunt
607 2193 764 2263 proscaenia
776 2193 840 2263 ludi,

199 2263 378 2333 Praemiaque
391 2262 505 2332 ingeniis
517 2279 600 2332 pagos
613 2271 640 2318 et
652 2263 769 2333 compita
781 2264 884 2317 circum
960 2286 962 2291 ’

198 2332 337 2384 Thesidae
349 2348 470 2402 posuere,
483 2341 566 2403 atque
578 2335 646 2385 inter
657 2333 754 2402 pocula
765 2332 829 2387 laeti

198 2401 330 2455 Mollibus
342 2402 367 2454 in
381 2404 465 2471 pratis
478 2410 571 2455 unctos
583 2400 688 2454 saluere
700 2418 749 2471 per
759 2410 842 2457 utres.

198 2472 260 2525 Nec
272 2488 325 2524 non
337 2471 456 2540 Ausonii,
469 2470 549 2540 Troja
559 2486 628 2538 gens
639 2470 731 2542 missa,
743 2471 832 2525 coloni
1000 2474 1052 2524 385

199 2539 332 2593 Versibus
344 2540 489 2609 incomptis
499 2539 594 2592 ludunt
607 2540 715 2610 risuque
728 2540 823 2608 soluto,

199 2610 305 2679 Oraque
318 2610 461 2662 corticibus
473 2618 583 2662 sumunt
596 2609 726 2663 horrenda
737 2610 839 2663 cavatis
846 2625 854 2678 ς

200 2679 236 2732 Εῑ
248 2688 275 2732 te
297 2678 412 2749 Bacche,
426 2686 521 2731 vocant
553 2696 581 2731 er
592 2680 712 2732 carmina
723 2679 802 2750 laeta,
816 2679 918 2748 tibique

200 2718 301 2802 Oscilla
312 2765 348 2801 ex
358 2747 413 2800 alta
425 2695 593 2816 suspendunt
605 2748 696 2802 mollia
708 2750 783 2818 pinu.

199 2817 270 2871 Hinc
281 2818 370 2872 omnis
381 2817 453 2885 largo
466 2817 589 2886 pubescit
600 2819 679 2882 vinee
691 2818 763 2888 setu3
1002 2819 1054 2869 ³90

201 2888 375 2958 complentur
387 2886 525 2955 vallesque
538 2903 622 2940 cavae
635 2887 772 2957 saltusque
785 2885 916 3011 Eroiundi

201 2957 237 3010 Et
250 2973 421 3027 quocumque
434 2955 503 3009 (leus
514 2957 615 3009 circum
628 2966 709 3027 caput
721 2957 775 3025 egit
806 2964 941 3011 ansatum.

201 3025 273 3094 Ergo
285 3026 336 3079 rite
348 3044 429 3080 suum
441 3025 547 3078 Baccho
558 3024 683 3079 dicemus
693 3027 821 3081 honorent

201 3095 371 3149 Carminibus
383 3095 481 3164 patriis,
495 3094 642 3165 lancesque
654 3104 682 3149 et
694 3095 749 3149 liba
760 3094 888 3163 feremus,

129 3178 980 3201 ....-...........-.--.-.....--..-...t---

157 3237 276 3304 asu-362.
299 3233 438 3283 Directions
458 3250 486 3303 as
507 3244 532 3283 to
553 3236 800 3302 propa-363-370.
823 3231 961 3300 Directions
981 3244 1010 3277 es
1029 3237 1056 3276 to

125 3288 825 3418 crassenturrsrrurrnrn
840 3289 1057 3353 Μ
1133 3379 1135 3383 .

233 3417 251 3468 8
