2242 3826
473 256 635 312 summos.

160 396 314 453 Oommbes
324 397 424 468 pariter
431 413 439 464 3
456 412 545 466 neque
557 396 640 469 enim,
652 394 806 466 fortissime,
819 394 901 449 oredo
960 398 1009 451 888

160 468 243 522 Iussa
253 466 342 520 aliena
352 467 409 536 pati
421 475 448 519 et
460 466 583 519 dominos
594 465 741 534 dignabere
753 466 891 519 Teucros?

161 537 242 605 Dixit,
255 545 284 589 et
295 543 426 606 exceptus
437 543 510 604 tergo
522 547 650 587 correueta
661 535 760 589 locavit

89 620 93 631 ·
161 606 295 675 Membra,
308 621 457 675 manusque
469 604 564 657 ambas
574 604 671 673 jaculis
682 603 801 657 oneravit
813 603 907 674 acutis,

161 677 233 729 Aere
245 683 326 745 caput
338 673 452 743 turgens,
465 675 544 726 orista
563 690 599 726 ue
611 672 730 727 hirsutus
741 674 850 743 equina.

161 744 205 798 Sic
217 760 326 797 cursum
338 744 366 797 in
377 743 482 797 modios
493 690 600 813 mplius
608 742 693 797 dedit.
721 747 834 796 Aestuat
846 741 943 812 ingens
958 745 1008 795 87⁰

160 814 219 868 Uno
231 814 259 866 iu
270 811 349 866 oorde
361 812 447 882 pudor
457 812 595 882 mixtoque
608 812 713 865 insania
725 811 806 882 luctu,

161 884 196 937 Et
208 882 285 935 iuriis
295 882 413 950 agitatus
424 898 499 935 amor
510 890 537 934 et
549 882 657 934 conscia
668 882 761 934 virtus.

89 964 95 977 ⁴
159 954 250 1021 Atque
263 949 306 1002 hie
318 953 429 1004 Aenean
441 967 540 1018 magna
552 958 592 1003 ter
603 966 669 1003 voco
681 950 795 1002 vocavit.

158 1019 408 1087 Aeneas-agnovit
420 1020 500 1087 enirn,
514 1019 653 1089 laetusque
665 1030 794 1090 precatur,

160 1088 220 1142 ‘Sio
231 1096 307 1169 pater
318 1089 363 1141 ille
375 1090 458 1142 deum
471 1088 560 1158 iaciat,
574 1089 612 1142 sio
623 1088 694 1145 altus
705 1087 853 1160 Apollol-
934 1108 937 1117 ⁴
956 1091 1009 1143 stt

159 1158 275 1228 Incipias
287 1157 407 1211 conterre
420 1158 548 1212 manum!
567 1180 572 1189 ·

159 1227 275 1281 Tantum
288 1226 393 1296 effatus,
407 1238 434 1280 et
445 1227 543 1280 infesta
556 1225 627 1280 subit
639 1225 734 1280 obvius
746 1224 833 1280 hasta.

92 1314 97 1323 ·
158 1296 208 1349 lile
219 1306 326 1350 autem:
347 1296 432 1357 ‘Quid
444 1314 489 1349 me
501 1305 600 1367 erepto,
614 1296 780 1365 saevissime,
794 1303 856 1348 nato

158 1366 275 1419 Terreat
295 1366 362 1419 haeo
374 1366 417 1418 via
430 1366 485 1418 sola
500 1364 555 1435 fuit,
570 1382 623 1433 qua
635 1366 747 1435 perdere
760 1382 860 1436 posses.

158 1436 219 1490 Neo
231 1444 342 1488 mortem
356 1434 501 1503 horremus,
514 1451 565 1486 neo
577 1435 667 1488 divom
679 1435 816 1504 parcimus
827 1430 885 1488 ulli.
956 1436 1011 1487 880

159 1505 273 1558 Desine:
292 1503 347 1573 jam
361 1502 438 1557 venio
451 1503 600 1573 moriturus,
614 1510 640 1555 et
654 1504 722 1556 haec
735 1505 782 1558 tibi
795 1512 869 1574 porto

158 1572 234 1627 Dona
246 1574 336 1642 prius’
373 1573 453 1641 Dixit,
466 1572 605 1641 telumque
619 1572 719 1625 intorsit
732 1574 758 1625 in
771 1572 893 1642 hostem;

101 1654 104 1663 '
158 1640 224 1694 lude
236 1642 308 1694 aliud
321 1650 492 1711 superatque
504 1641 576 1694 aliud
589 1641 708 1711 figitque,
721 1643 845 1713 volatque

107 1738 109 1741 ·
158 1710 262 1778 Ingenti
275 1726 354 1780 gyro,
373 1710 420 1762 sed
434 1711 546 1764 sustinet
558 1727 656 1762 aureus
669 1712 762 1764 umbo?

158 1779 328 1833 Teroireum
340 1779 491 1832 adstantem
506 1780 596 1832 laevos
609 1781 737 1848 equitavit
750 1782 775 1832 iu
788 1780 867 1851 orbis,
956 1782 1011 1834 885

158 1849 225 1902 Tela
237 1866 318 1902 manu
329 1848 448 1919 jaciens;
466 1858 505 1901 ter
517 1866 610 1902 secum
623 1849 718 1902 Troius
729 1849 806 1901 heros

91 1971 97 1983 ,
134 1974 138 1981 ,
159 1918 310 1972 immanem
322 1929 410 1970 aerato
422 1919 575 1970 circumfert
588 1919 707 1986 tegmine
719 1918 823 1971 silvam.

88 1994 96 2011 ¹
132 1986 137 1995 ’
159 1987 226 2042 Inde
238 1987 284 2040 ubi
298 1996 335 2040 tot
347 1988 457 2040 traxisse
470 2005 564 2055 moras,
578 1995 615 2040 tot
628 1987 731 2055 spionia
742 1987 833 2039 taedet

159 2056 273 2124 Vellere,
287 2065 316 2109 et
329 2066 456 2125 urguetur
466 2074 556 2125 pugna
568 2073 727 2123 congressus
739 2056 838 2125 iniqua,

159 2123 248 2178 Multa
260 2142 372 2177 movens
383 2127 472 2178 animo
483 2125 539 2195 jam
552 2125 661 2178 tandem
674 2126 796 2194 erumpit,
812 2123 921 2177 etinter
956 2127 1014 2178 890

159 2192 299 2246 Bellatoris
311 2195 373 2265 equi
385 2212 451 2246 cava
465 2202 585 2264 tempora
597 2194 705 2263 conjicit
718 2194 832 2246 hastam.

159 2261 239 2314 Tollit
251 2279 281 2317 se
293 2273 424 2318 arrectum
437 2263 596 2333 quadrupes,
610 2272 636 2315 et
649 2262 770 2316 calcibus
781 2279 859 2315 auras

90 2346 94 2355 “
159 2331 295 2401 Verberat,
309 2331 480 2402 effusumque
493 2334 612 2401 equitem
626 2349 705 2402 super
717 2333 775 2401 ipse
788 2340 896 2384 secutus

159 2401 290 2471 lmplioat,
304 2401 444 2473 ejectoque
458 2401 588 2454 incumbit
601 2418 716 2454 cernuus
727 2418 809 2454 anno.

159 2470 281 2524 Clamore
294 2471 439 2523 incendunt
451 2471 555 2524 coelum
569 2471 704 2540 Troesque
716 2470 866 2540 Latinique.
959 2474 1015 2525 895

160 2539 276 2594 Advolat
288 2542 403 2610 Aeneas,
417 2540 567 2609 vaginaque
580 2539 657 2609 eripit
670 2557 772 2609 ensem,

92 2666 96 2671 ,
161 2609 195 2662 Et
208 2610 381 2679 superhaec:
402 2609 467 2662 ‘Ubi
480 2626 551 2661 nuno
564 2609 717 2662 Mezentius
728 2625 798 2677 acer,
811 2616 838 2660 et
851 2607 897 2661 illa

160 2677 254 2731 Effera
266 2678 306 2730 vis
318 2677 401 2731 animi
409 2678 430 2730 l'
466 2679 563 2730 Contra
574 2677 736 2746 Tyrrhenus,
750 2686 779 2730 ut
791 2693 871 2729 auras

160 2746 312 2815 Suspicieus
324 2746 412 2800 hausit
425 2746 539 2814 coelum,
553 2755 726 2815 mentemque
739 2746 855 2817 recepit:

162 2814 266 2868 ‘Hostis
277 2832 376 2884 arnare,
390 2816 452 2886 quid
468 2816 610 2884 increpitas
620 2825 788 2884 mortemque
800 2815 930 2869 minarisl
964 2820 1025 2871 800

160 2883 273 2938 Nullum
288 2884 315 2937 in
327 2884 411 2937 caede
423 2885 500 2937 nefas
507 2901 515 2952 ;
533 2901 585 2939 neo
594 2884 637 2937 'sio
648 2883 682 2936 ad
696 2884 796 2953 proelia
808 2884 871 2937 reni
878 2902 887 2953 3
1116 2916 1117 2977 ,

160 2953 220 3019 Neo
232 2961 320 3006 tecum
335 2971 413 3007 meus
424 2953 493 3006 haec
504 2952 605 3025 pepigit
616 2953 684 3006 mihi
697 2952 806 3006 foedera
817 2953 930 3007 Lausus.

88 3006 99 3047 l
160 3020 250 3074 Unum
264 3021 322 3092 hoc,
333 3039 391 3093 per,
405 3023 427 3075 si
440 3040 494 3093 qua
506 3033 546 3075 est
558 3022 637 3074 vietis
648 3023 728 3075 venia
739 3021 868 3093 hostibus,
881 3024 943 3076 oro':

110 3138 174 3201 ete.
191 3134 255 3182 This
271 3136 319 3184 line
336 3137 356 3185 is
367 3139 492 3207 generally
503 3139 619 3200 regarded
631 3140 689 3188 here
700 3155 728 3188 as
738 3140 872 3199 spurious·
891 3140 915 3190 lt
925 3156 1028 3192 cecus·

92 3203 133 3238 ιιι.
144 3195 198 3238 668.
229 3194 334 3242 Amorb
356 3197 409 3264 ,the
425 3202 592 3251 arsis-880.
609 3199 696 3249 Either
711 3209 778 3248 must
793 3199 841 3248 dio.
873 3199 1029 3252 Mesentiru
1116 3244 1117 3257 ,

92 3248 192 3296 courted
202 3249 327 3319 deothan
355 3255 376 3301 rf
383 3255 413 3304 he
424 3257 505 3312 could,
518 3258 549 3306 ha
561 3257 644 3306 would
653 3257 824 3318 sluyAeneas,
835 3257 940 3320 though,
955 3277 986 3309 as
998 3265 1029 3311 ιιι
1116 3282 1117 3285 “

92 3300 134 3345 tho
150 3318 206 3351 case
221 3307 250 3353 ot'
261 3308 379 3359 Diomede
396 3314 442 3361 arrd
455 3315 549 3372 Venus,
561 3332 577 3364 a
591 3316 639 3376 god
656 3316 744 3367 should
760 3318 791 3364 be
803 3317 922 3366 wounded
941 3318 970 3367 in
984 3321 1030 3369 hi·
1116 3350 1117 3359 ι

88 3402 95 3417 .
109 3355 296 3423 delcit-*887-
309 3368 400 3419 Siloam
410 3372 522 3422 telorum.
530 3378 619 3423 -894,
632 3375 856 3439 EjectoMezentio.
865 3377 907 3425 the
916 3377 1008 3427 dative
1019 3396 1030 3438 ς

90 3421 206 3520 Ὀιξηῗῑῖζ
217 3431 387 3525 arpa—etto.
405 3428 545 3494 Larinaque,
563 3449 595 3483 an
610 3434 698 3486 elision
713 3433 796 3486 before
807 3436 1031 3491 Anaua-sos

207 3507 213 3516 ·
304 3490 328 3530 et
339 3499 365 3532 ιι.
380 3488 430 3533 142.
1015 3512 1019 3517 ·
