2320 3744
507 166 692 210 emulum

210 295 395 365 humanisque
406 294 507 349 sedena
516 294 606 350 aliens
614 295 652 349 ad
663 294 763 365 pabula
773 295 872 364 insuar

210 367 265 420 Aut
276 382 355 434 asper
366 365 459 419 crabro
470 365 617 435 imparibus
628 382 657 418 se
669 365 816 419 immiscuit
826 363 917 436 armis,

210 437 264 488 Aut
276 433 372 500 dirum,
387 434 476 501 tiniae,
489 451 582 502 genus,
595 444 640 487 aut
653 435 739 487 innisa
750 435 892 488 Minervae

155 518 159 525 ’
210 503 297 556 Laxos
309 503 334 555 in
348 502 448 556 loribus
459 504 597 572 suspendit
608 520 707 556 aranea
719 520 819 557 casses.

143 620 147 639 ,
190 610 193 618 .
210 572 268 629 Quo
282 571 369 640 tnagis
381 571 527 625 exhaustae
540 572 553 624 l
588 572 645 640 rint,
657 571 709 625 buc
720 575 809 626 acrius
820 588 915 626 omnes

210 641 370 694 incumbent
381 643 487 709 generis
498 641 557 711 laps
578 643 675 694 sarcire
689 642 786 712 ruinas,

211 709 443 780 Complebuntque
457 710 525 763 loros
535 719 563 763 et
574 710 791 764 floribushorrea
801 718 902 765 terrent.
993 713 1058 768 ,250

245 779 270 831 Si
283 796 354 848 veru,
367 779 491 848 quonism
504 796 583 832 casus
592 780 689 850 apibus
700 797 807 850 quoque
819 788 922 833 nostros
993 806 996 811 Α

210 847 271 899 Vita
283 849 351 915 tulit,
366 849 431 901 tristi
444 848 608 915 languebunt
621 865 731 918 corpora
742 849 869 903 morbo—

210 916 286 973 Quod
299 917 356 986 jam
367 934 418 970 non
431 917 521 971 dubiis
533 918 631 986 poteris
642 934 804 986 cognoscere
816 917 911 986 signia:
977 938 994 977 ἰ

210 986 342 1039 Continuo
353 995 394 1039 est
405 988 494 1054 aegris
504 987 574 1040 aliua
585 987 672 1056 color3
690 986 795 1039 horrida
809 987 910 1040 voltum

210 1055 348 1108 Deformat
360 1056 461 1109 macies
468 1073 475 1125 3
494 1065 552 1108 tum
563 1073 672 1125 corpora
683 1056 744 1110 luce
756 1065 894 1110 carentum
1008 1058 1058 1108 255

211 1124 356 1194 Expertant
369 1125 447 1178 tectis
457 1134 485 1178 et
497 1126 582 1178 tristia
592 1125 688 1179 lunera
698 1125 815 1193 ducunt3

209 1197 264 1247 Aut
276 1194 338 1247 illae
350 1194 465 1263 pedibus
476 1212 612 1249 connexae
624 1194 659 1248 ad
672 1195 765 1248 limina
776 1194 901 1264 pendent,
993 1234 997 1241 ,

209 1265 264 1318 Aut
278 1265 350 1317 intus
361 1263 460 1316 clausis
470 1273 627 1317 cunctantur
638 1265 665 1316 iu
675 1264 797 1332 aedibus,
809 1280 904 1317 ornnes
926 1297 931 1309 ·

211 1333 381 1403 [miuvaeque
394 1334 467 1386 lame
479 1341 507 1385 et
518 1342 651 1386 contracto
664 1332 760 1402 frigore
772 1333 871 1403 pigrae.

210 1403 280 1455 Turn
293 1420 373 1456 sonus
384 1403 490 1456 auditur
500 1404 610 1471 gravior,
624 1404 784 1472 tractimque
795 1409 947 1470 susurraut;
1008 1406 1061 1454 260

210 1471 334 1540 Frigidus
347 1480 375 1525 ut
387 1471 521 1551 quondam
533 1471 609 1524 silvis
620 1472 806 1525 immurmurat
817 1474 924 1541 Auster,

210 1540 246 1593 Ut
257 1558 331 1593 mare
343 1541 486 1597 sollicitum
498 1541 583 1594 stridit
595 1541 770 1595 refluentibus
781 1540 867 1610 undis,

210 1612 323 1662 Aestuat
336 1618 365 1663 ut
377 1611 476 1663 clausis
488 1609 598 1679 rapidus
608 1610 761 1664 fornacibus
772 1610 875 1678 ignis-

210 1678 261 1731 Hic
275 1679 280 1688 '
338 1679 484 1748 galbaneos
495 1679 614 1733 suadebo
626 1679 769 1733 incendere
781 1679 883 1749 odores,

185 1808 194 1817 x
210 1696 349 1817 Melffie
361 1749 514 1802 arundineis
525 1748 621 1801 inferre
633 1748 779 1818 canalibus,
794 1749 862 1802 ultro
1010 1751 1063 1800 265

210 1818 366 1871 Hortantem
378 1827 405 1871 et
417 1818 503 1872 fessas
514 1816 548 1870 ad
562 1818 659 1887 pabula
672 1829 734 1870 nota
746 1828 887 1871 vocantem
928 1860 933 1867 .

212 1887 330 1940 Proderit
342 1897 369 1942 et
381 1898 489 1940 tunsum
502 1887 589 1956 gallae
601 1887 751 1940 admiscere
763 1903 886 1957 saporem

210 2025 329 2094 Defruta,
343 2027 385 2079 vel
399 2026 500 2079 Psithia
512 2043 604 2096 passam
615 2026 650 2078 de
662 2027 717 2079 vite
730 2041 851 2079 racemos

210 2094 422 2217 Cecropiumque
436 2095 559 2165 thymum
571 2106 598 2147 et
609 2113 691 2164 grave
707 2094 805 2147 olentia
817 2101 971 2146 centaurea.
1010 2097 1066 2146 270

211 2162 259 2215 Est
272 2165 354 2217 etiarn
387 2181 417 2217 os
429 2166 454 2218 in
468 2165 557 2234 pratis,
570 2167 613 2218 cui
626 2182 723 2218 nomen
736 2164 835 2217 amello

185 2246 188 2251 ·
211 2230 312 2285 Fecere
323 2234 464 2303 agricolae,
479 2235 566 2286 facilis
596 2234 767 2287 uaereutibus
779 2231 877 2300 herba3

211 2301 337 2371 Namque
351 2320 401 2356 uno
414 2304 550 2425 inperitam
564 2252 630 2355 tillir
642 2303 678 2355 de
689 2302 792 2381 cespite
805 2301 911 2369 silvam,

211 2372 317 2425 Aureus
329 2371 394 2440 ipse,
408 2390 437 2425 se
468 2374 494 2425 in
507 2372 584 2439 loliis,
599 2389 668 2441 quae
681 2372 796 2441 plurima
807 2371 909 2423 circum

211 2438 375 2510 Funduntur‚
390 2442 475 2494 violae
486 2441 609 2495 sublucet
620 2458 736 2511 purpura
747 2442 855 2508 nigrae3
1009 2442 1066 2491 275

210 2509 296 2579 Saepe
308 2509 391 2562 deum
402 2511 479 2564 nexis
490 2519 596 2562 ornatae
610 2509 746 2578 torquibus
757 2525 837 2578 arae;

150 2602 153 2613 «
211 2580 298 2648 Asper
310 2581 393 2631 in'ore
406 2596 499 2649 sapor3
518 2579 600 2632 tonsis
612 2579 638 2632 in
652 2577 767 2632 vallibus
779 2578 856 2631 illum
1142 2620 1143 2649 p

211 2646 335 2700 Pastores
346 2658 373 2701 et
385 2665 467 2701 curva
479 2648 570 2716 legunt
582 2665 663 2718 prope
675 2648 786 2701 flnrnina
798 2646 908 2700 Mellae.
1142 2668 1143 2757 p

210 2715 298 2784 Hujus
309 2717 416 2769 odorato
430 2718 532 2770 radices
545 2718 657 2787 incoque
669 2716 783 2785 Baccho,

210 2785 367 2866 Pabulaque
380 2787 405 2839 in
419 2787 519 2840 foribus
530 2787 616 2856 plenis
627 2786 732 2855 adpone
744 2784 874 2838 canistris.
1009 2785 1070 2836 280

1141 1752 1143 1803 l

210 1956 373 2026 Arentisque
386 1974 464 2023 rosas,
478 1966 525 2010 aut
538 1956 590 2025 igni
602 1956 713 2027 pinguia
724 1956 808 2010 multo

245 2854 296 2908 Sed
310 2873 333 2908 st
344 2872 426 2924 quem
438 2857 525 2924 proles
537 2855 623 2908 subito
635 2855 766 2908 defecerit
777 2853 865 2906 ornnis

212 2923 279 2993 Nec,
292 2941 378 2992 genus
388 2925 460 2978 unde
472 2942 557 2977 novae
569 2925 657 2993 stirpis
670 2934 814 2992 revocetur,
828 2892 946 2990 habebit,

210 2992 331 3062 Tempus
343 3002 370 3046 et
381 2993 490 3047 Arcadii
501 2994 675 3046 memoranda
688 2994 796 3046 inventa
808 2991 928 3058 magistri

210 3061 339 3130 Pandere,
352 3063 549 3132 quoquemodo
561 3063 649 3116 caesis
659 3062 716 3132 jam
727 3078 810 3131 saepe
820 3059 943 3132 juvencis
1142 3116 1143 3137 Χ

210 3129 361 3184 insincerus
373 3149 439 3200 apes
451 3131 540 3184 tulerit
552 3148 635 3184 cruor.
672 3131 762 3185 Altius
773 3147 882 3183 omnem
1011 3131 1070 3180 285
1142 3144 1143 3179 3

170 3243 284 3289 cst-280.
300 3242 416 3291 Diseases
428 3244 456 3303 qs
468 3246 535 3301 bees,
549 3244 595 3292 and
608 3245 671 3293 their
681 3244 810 3294 remedies.
818 3244 972 3291 -281-294.
984 3240 1015 3290 It
1023 3241 1071 3289 tba
1142 3262 1143 3295 t

141 3312 230 3366 su'arm
241 3299 269 3347 os
280 3302 340 3348 bees
350 3301 395 3349 has
406 3302 461 3350 died
477 3313 528 3359 out,
541 3320 555 3351 a
567 3303 706 3352 methodos
717 3303 840 3373 replacing
855 3302 923 3350 them
937 3300 1005 3349 from
1022 3300 1072 3349 ²¹³0
1142 3312 1143 3359 l

141 3355 253 3415 putrified
264 3373 360 3406 mrcase
371 3359 420 3407 ola
429 3360 513 3417 liciter,
524 3362 663 3412 mentioued
673 3379 701 3413 aa
711 3365 786 3425 being
795 3360 918 3413 universal
928 3360 954 3409 in
965 3360 1071 3422 Egypt,
1142 3362 1143 3405 i

141 3413 189 3463 md
199 3413 252 3464 first
262 3417 384 3476 practised
394 3420 426 3478 by
437 3418 577 3470 mutastis.
