2242 3826
506 175 604 217 um
614 175 651 219 ,Ἀ

189 301 259 356 Dum
273 301 378 372 trepidi,
391 301 546 372 egressique
559 303 649 357 labant
661 302 776 372 uestigia
786 302 881 373 prime.

188 372 322 425 Audentis
335 372 436 425 fortune
447 371 541 440 juvat.l
922 388 926 395 ’

146 494 151 501 ,
189 441 264 494 Haec
274 442 320 508 air,
333 451 360 493 et
372 458 466 494 secum
479 450 574 508 versat,
589 457 657 510 quoe
668 441 768 494 ducere
780 448 878 510 contra,
987 445 1036 494 tet

189 509 239 562 Vel
252 510 349 580 quibus
358 511 484 563 obsessos
495 511 578 578 possit
591 510 752 563 concredere
762 522 864 563 muros.

223 580 328 632 Interea
339 582 449 635 Aeneas
460 580 546 630 socios
557 579 599 630 de
604 578 738 647 puppibus
749 578 811 631 eltis

188 647 316 701 Pontibus
328 649 443 717 exponit.
480 649 560 701 Multi
573 665 679 700 serrare
692 665 817 700 recursus

189 716 353 784 Languentis
365 717 460 785 pelugi,
474 727 500 768 et
513 717 641 769 brevibus
653 735 682 769 se
695 717 805 769 credere
818 717 887 773 saltu
895 733 906 788 3,

189 786 240 838 Per
252 803 340 839 remos
350 787 404 839 elii.
441 786 597 854 Speculatus
610 787 685 839 litora
697 786 828 855 Tarchon,
986 790 1038 840 290

188 854 247 912 Qun
259 855 329 907 vada
341 872 391 908 nou
404 856 502 924 spirant
514 872 565 910 nec
578 855 660 909 fracta
674 864 849 909 remurmurat
862 855 942 927 unda,

189 924 239 977 Sed
254 925 500 979 mareinoffeneum
513 926 642 977 crescenti
655 924 780 979 allabitur
791 933 876 994 aestu,

188 994 310 1049 Advertit
322 994 409 1049 subito
421 1011 519 1063 prorae,
532 994 671 1062 sociosque
683 1004 819 1063 precetur:

190 1063 291 1132 ‘Nuuc,
304 1063 403 1116 electa
415 1080 518 1130 manus,
532 1063 629 1115 validis
640 1062 788 1116 incumbite
801 1063 883 1117 remis
888 1079 897 1132 ;

189 1131 294 1201 Tollite,
307 1131 375 1187 ferte
388 1140 473 1199 rates,
490 1132 627 1185 inimicam
639 1131 732 1185 findite
746 1134 834 1184 rostris
985 1137 1036 1187 295

188 1200 264 1253 Hauc
277 1211 381 1269 terram,
394 1200 553 1269 sulcumque
565 1201 616 1255 sibi
629 1210 733 1269 premat
747 1200 803 1269 ipen
815 1203 915 1257 carina.

189 1269 322 1338 Frangere
336 1288 386 1324 uec
398 1269 445 1322 tali
458 1271 570 1339 puppim
583 1271 696 1328 statione
709 1287 810 1339 recuso,

188 1342 301 1408 Arrepta
314 1340 407 1392 tellure
420 1339 522 1392 semel!
560 1338 635 1397 Quae
648 1339 711 1392 talia
723 1350 864 1408 postquem

189 1408 297 1461 Efferus
307 1408 436 1475 Tarchon,
450 1409 513 1461 socii
525 1424 684 1476 consurgere
698 1407 780 1460 tonsis

189 1476 396 1547 Spumautisque
409 1487 481 1531 rates
491 1479 562 1533 arvis
575 1477 671 1530 inferre
684 1477 792 1543 Latinis,
986 1481 1037 1530 300

187 1545 280 1598 Donec
293 1556 373 1599 rostra
386 1555 476 1599 tenent
489 1547 590 1601 siccum
602 1555 630 1599 et
642 1546 736 1598 sedere
748 1546 855 1600 carinae

188 1616 289 1669 Omnes
300 1616 438 1669 innocuae.
475 1615 524 1668 Sed
538 1632 589 1668 non
603 1616 699 1684 puppis
711 1625 765 1681 tua,
778 1617 910 1671 Tarchon.

189 1683 314 1754 Namque
326 1685 427 1741 inflicta
441 1685 518 1737 vadis
529 1685 605 1736 dorsu
617 1684 682 1737 dum
695 1685 794 1753 pendet
807 1685 906 1756 iniquo,

189 1754 298 1823 Anceps
309 1761 457 1807 sustentata
468 1754 520 1821 diu,
535 1754 684 1822 fluctusque
697 1754 798 1822 fatigat,

117 1840 121 1847 ’
189 1821 311 1892 Solvitur,
324 1833 406 1892 atque
419 1825 491 1877 viros
503 1823 598 1875 mediis
610 1823 717 1890 exponit
730 1823 755 1875 in
769 1822 863 1891 undis3
985 1826 1036 1876 305

189 1889 333 1959 Fragminu
345 1909 478 1945 remorum
490 1909 559 1961 quos
570 1902 596 1944 et
609 1891 739 1947 fluitantia
751 1900 863 1945 transtra

189 1960 349 2029 Impediunt,
364 1961 526 2030 retrahitque
539 1961 637 2029 pedem
650 1960 730 2015 simul
743 1960 814 2013 unde
827 1960 959 2019 relabens.

223 2030 283 2082 Nec
296 2031 413 2082 Turnum
427 2031 517 2096 segnis
530 2029 625 2082 retinet
638 2046 725 2098 mora:
744 2030 792 2083 sed
806 2032 872 2100 repit
885 2046 949 2084 acer

189 2098 285 2152 Totum
297 2099 384 2153 aciem
398 2099 423 2151 in
436 2100 561 2166 Teucros,
574 2108 602 2152 et
614 2110 705 2152 contra
717 2102 743 2152 in
755 2099 830 2153 litore
843 2102 920 2154 sistit.

154 2208 157 2215 r
189 2166 269 2235 Signa
280 2176 389 2221 canunt.
424 2168 528 2221 Primus
540 2176 641 2223 turmas
653 2169 748 2221 invasit
760 2170 874 2237 agrestis
986 2172 1038 2221 ³10

189 2239 305 2304 Aeneas,
317 2253 397 2290 omen
411 2253 524 2306 pugnae,
538 2239 683 2306 stravitque
695 2238 810 2307 Letinos,

189 2306 282 2359 Occiso
294 2306 423 2375 Therone,
437 2306 522 2359 virum
535 2306 581 2374 qui
593 2308 727 2360 maximus
740 2306 807 2360 ultro

189 2378 301 2428 Aenean
314 2374 387 2444 petit.
423 2376 493 2428 Huic
504 2374 592 2442 gladio
604 2393 704 2444 perque
716 2392 795 2427 aerea
808 2383 875 2444 suta,

190 2443 242 2497 Per
253 2445 371 2497 tutricem
384 2443 551 2513 squalentem
563 2460 635 2511 auro,
649 2444 718 2495 letus
729 2444 817 2497 haurit
829 2451 959 2513 apertum.

190 2512 256 2565 lude
269 2513 370 2567 Lichan
383 2513 450 2583 ferit,
464 2522 602 2566 exsectum
614 2512 670 2581 jam
682 2521 768 2567 matre
781 2521 927 2585 perempta,
986 2516 1037 2566 315

191 2581 226 2634 Et
238 2582 294 2649 tibi,
309 2582 426 2652 Phoebe,
440 2598 554 2652 sacrum,
566 2598 646 2634 cesus
657 2581 772 2635 evadere
785 2581 846 2634 ferri

191 2651 267 2710 Quod
280 2651 356 2705 licuit
367 2668 456 2721 perro.
492 2652 552 2705 Nec
564 2651 650 2719 longe,
663 2651 755 2704 Cissea
766 2651 864 2705 durum

149 2807 203 2854 283.
215 2805 308 2854 Labant
317 2808 427 2868 nauigia.
436 2807 478 2854 the
487 2806 625 2854 accusative
633 2805 661 2854 of
668 2806 900 2855 limitum-ese.
909 2807 1038 2865 Pontibus,

115 2874 255 2925 {hegweye
266 2865 327 2914 from
339 2866 380 2914 the
391 2866 459 2924 ships
470 2875 496 2913 to
506 2865 548 2913 the
560 2864 623 2913 land.
651 2864 753 2913 Servare
763 2866 812 2920 (the
824 2865 948 2915 historicul
959 2865 1038 2913 infini-

119 2924 181 2978 tire)
193 2941 311 2978 recursus.
324 2925 437 2975 wretched
448 2924 519 2971 when
536 2923 576 2971 the
588 2939 679 2978 werse,
692 2924 793 2984 ruslring
804 2925 876 2981 baclr,
890 2924 931 2972 lest
944 2926 985 2971 the
997 2939 1040 2973 sea

118 2997 180 3031 near
189 2982 229 3030 the
239 2983 309 3030 shore
319 2982 381 3031 calm
391 2984 547 3044 (languentis)
557 2981 602 3029 and
612 2982 713 3028 elrnllow
724 2984 855 3037 (brevibus).
862 2987 950 3030 —303.
962 2982 1040 3031 Dorso

116 3042 240 3102 probably
251 3041 325 3090 refers
336 3051 361 3089 to
372 3058 401 3090 en
414 3041 590 3089 accumulation
602 3040 630 3088 ol
636 3039 801 3091 send-304.
813 3040 929 3102 Fatigare
936 3043 1038 3102 flector,

116 3109 148 3148 to
158 3101 276 3156 exercitu,
290 3111 315 3148 to
327 3100 389 3160 keep
401 3101 425 3149 iu
435 3100 514 3148 active
525 3099 690 3158 employment
706 3098 748 3146 the
760 3114 850 3154 werce,
864 3099 944 3147 which
956 3101 1039 3150 tossen

117 3158 233 3208 ithitlrer
243 3159 289 3208 aud
307 3159 500 3208 thuben-307.
518 3158 646 3205 Retrahere
659 3160 745 3224 peden,
760 3166 784 3204 to
800 3173 873 3206 cause
889 3158 931 3205 the
947 3158 995 3206 feet
1011 3158 1040 3207 cl

117 3217 163 3268 the
175 3219 287 3267 werricus
304 3218 407 3267 todrew
417 3218 489 3270 back.
501 3215 563 3264 from
579 3216 620 3263 the
636 3215 743 3284 elrppery
755 3226 839 3264 nature
855 3217 883 3264 ol
895 3217 936 3264 tlre
954 3217 1039 3266 meier-

118 3276 185 3327 ened
195 3277 360 3327 send-310.
375 3277 472 3325 canunt
484 3276 505 3323 is
516 3274 576 3322 uecd
588 3274 646 3322 both
658 3274 809 3334 tranertively
818 3276 865 3323 arrd
876 3276 1039 3324 intransitive·

117 3336 251 3444 hn-bldh.
269 3336 344 3391 Here,
355 3336 401 3385 und
412 3344 437 3384 at
448 3335 490 3383 the
501 3333 548 3382 eud
558 3333 586 3382 ol
593 3335 647 3390 369,
658 3341 679 3381 et
690 3332 734 3382 hes
745 3335 808 3382 been
818 3334 972 3395 ingeniouely
982 3349 1039 3384 cort·

119 3405 219 3458 ,recture
238 3430 244 3444 .
