2282 3790
527 160 619 203 urenti
641 161 705 202 rur.
1010 138 1073 199 325

251 284 366 355 Jamque
378 285 446 338 adeo
458 285 559 340 exierat
572 286 654 356 portis
666 304 681 339 e
701 286 799 342 uitatus
809 288 916 361 apertis,
1013 294 1066 346 686

214 358 323 425 Aeneas
338 355 404 407 inter
416 355 514 423 primos
527 366 552 409 et
566 356 635 409 fidus
647 305 773 428 Achates,

214 423 280 476 lude
292 423 337 476 alii
351 423 445 494 Trojae
459 441 594 493 proceres,
613 425 670 494 ipsc
682 427 790 495 agmine
803 426 892 480 Pallas

214 491 244 544 ln
258 492 355 560 medio,
369 493 513 563 chlamyde
525 505 551 546 et
564 497 642 563 pictis
654 503 812 565 conspectus
824 495 850 549 in
862 496 960 555 armis:

212 559 306 620 Qualis
318 562 365 615 ubi
377 562 476 615 Oceani
491 563 615 631 perinsus
628 563 735 616 Lucifer
748 564 826 633 unda,

213 629 301 688 Quem
314 631 406 684 Venus
417 641 479 684 aute
491 633 558 684 alios
570 643 697 685 astrorum
710 632 797 700 diligit
809 633 884 703 ignis,
1013 638 1065 689 59⁰

214 698 315 751 Extulit
328 716 358 752 os
370 717 474 753 sacrum
486 701 561 752 coelo
574 701 750 770 tenebrasque
764 702 878 755 resolvit.

212 766 287 820 Stant
299 767 413 836 pavidae
427 771 451 822 in
466 771 548 822 muris
562 780 667 839 matres,
680 770 817 840 oculisque
830 780 978 840 sequuntur

214 835 374 891 Pulveream
386 839 485 891 nubem
499 849 525 891 et
537 839 664 906 fulgentis
676 856 738 891 aere
751 851 881 894 catervas.

213 904 263 957 Olli
276 922 323 974 per
335 906 438 975 dumos,
451 924 504 976 qua
516 924 644 976 proxuma
656 918 729 961 meta
742 909 853 978 viarum,

213 975 318 1027 Armati
330 976 457 1043 tendunt,
477 977 495 1028 it
508 977 614 1046 clamor,
629 987 655 1028 et
668 977 775 1045 agmine
788 977 858 1030 lacto
1010 982 1062 1033 595

212 1042 438 1112 Quadrupedante
450 1055 555 1114 putrem
567 1047 653 1097 sonitu
666 1049 750 1115 quatit
763 1047 862 1115 ungula
873 1064 1010 1119 campum.

212 1111 260 1164 Est
273 1112 368 1181 ingens
379 1112 498 1180 gelidum
511 1112 588 1166 lucus
600 1131 680 1185 prope
693 1114 805 1167 Caeritis
816 1133 933 1187 amnem,

212 1178 348 1249 Religione
361 1191 466 1251 patrum
478 1182 531 1234 late
544 1200 619 1235 sacer
626 1200 634 1252 3
654 1183 770 1252 undique
782 1184 864 1236 colles
970 1185 975 1194 '

212 1248 347 1304 Inclosere
359 1251 418 1303 cavi
430 1263 457 1303 et
468 1252 543 1320 nigra
554 1268 650 1305 nemus
662 1251 751 1304 abiete
763 1252 880 1321 cingunt.

212 1317 317 1372 Silvano
329 1319 402 1372 lama
414 1328 455 1372 est
468 1321 566 1374 veteris
578 1338 696 1372 sacrasse
709 1320 843 1390 Pelasgos,
1008 1326 1060 1376 600

211 1389 340 1440 Arvorum
355 1390 509 1459 pecorisque
521 1389 580 1459 deo,
594 1389 738 1459 lucumque
750 1390 884 1459 diemque,
943 1440 947 1447 .

210 1455 262 1514 Qui
274 1457 352 1525 primi
364 1457 426 1510 finis
437 1459 472 1511 ali
493 1459 580 1511 uando
593 1458 711 1511 habuere
724 1459 840 1511 Latinos.

210 1525 288 1578 Haud
301 1527 390 1596 procul
403 1525 466 1580 hinc
501 1527 581 1581 archo
594 1537 621 1580 et
633 1527 765 1596 Tyrrheni
778 1539 834 1581 tuta
849 1527 976 1582 terrebant

210 1594 301 1646 Caetra
313 1594 384 1664 locis,
399 1597 524 1667 celsoque
536 1598 624 1650 omnis
635 1597 670 1649 de
682 1596 750 1649 colle
762 1595 846 1650 rideri

210 1663 271 1717 Jam
284 1673 386 1733 poterat
399 1664 474 1736 legio,
489 1677 516 1717 et
528 1667 589 1718 latis
602 1666 728 1718 tendebat
741 1665 768 1719 in
779 1667 858 1719 arvis.
1006 1669 1058 1720 605

210 1731 270 1785 Ηιιο
281 1742 357 1803 pater
368 1736 475 1787 Aeneas
488 1745 514 1787 et
526 1735 596 1789 hello
609 1735 680 1787 lecta
690 1733 817 1804 juventus

210 1801 367 1872 Succedunt,
382 1802 500 1875 fessique
513 1813 539 1856 et
552 1820 635 1874 equos
647 1814 673 1856 et
687 1820 794 1873 corpora
806 1811 907 1857 curant.
942 1812 944 1817 '

244 1873 280 1924 At
292 1871 383 1924 Venus
394 1872 527 1927 aetherios
539 1874 607 1926 iuter
618 1873 670 1925 dea
682 1872 796 1925 candida
809 1872 913 1926 nimbos

211 1940 285 1992 Dona
296 1938 386 1992 ferens
396 1941 488 1995 aderat
496 1959 504 2011 3
523 1951 669 2012 natumque
681 1942 706 1994 in
720 1941 790 1994 valle
803 1942 912 1995 reducta

208 2006 245 2060 Ut
258 2009 350 2077 procul
362 2018 388 2063 et
400 2010 490 2080 gelido
502 2020 636 2064 secretum
649 2010 760 2064 flumine
773 2010 845 2081 vidit,
976 2070 982 2087 ⁸
1006 2013 1058 2064 oto

208 2076 320 2131 Talibus
331 2078 414 2131 affata
427 2089 468 2132 est
480 2080 566 2147 dictis,
580 2097 663 2150 seque
675 2080 769 2134 obtulit
782 2080 865 2133 ultro:

211 2146 219 2178 ‘
226 2146 267 2200 En
280 2146 398 2215 perlecta
410 2149 463 2201 mei
476 2151 606 2219 promissa
617 2147 739 2220 conjugis
750 2161 808 2201 erte

209 2214 323 2268 Munera
330 2232 338 2285 3
358 2234 392 2269 ne
404 2234 467 2271 ιιιοιι
478 2226 524 2270 aut
535 2219 683 2288 Laurentis,
696 2227 766 2289 nate,
781 2217 917 2288 superbos,

208 2286 263 2337 Aut
275 2302 365 2338 acrem
378 2285 486 2340 dubites
499 2289 525 2339 in
538 2287 637 2358 proelia
648 2304 759 2358 poscere
770 2287 909 2340 Turnum!

210 2353 281 2407 Dixit
292 2362 320 2406 et
331 2354 473 2425 amplexus
484 2358 538 2408 nati
550 2357 683 2426 Cytherea
695 2354 803 2425 petivit3
1002 2356 1054 2407 615

208 2424 292 2476 Arma
305 2423 355 2477 rub
367 2424 480 2478 adversa
492 2427 576 2494 posuit
590 2426 720 2478 radiantia
731 2441 840 2494 quercu.
922 2474 928 2483 x

207 2491 263 2560 Ille,
276 2492 344 2546 deae
357 2494 433 2545 donis
445 2504 471 2547 et
485 2502 556 2546 tanto
569 2495 655 2547 laetus
667 2492 772 2561 honore,

208 2560 317 2630 Expleri
331 2563 421 2632 nequit
434 2572 513 2633 atque
526 2563 617 2616 oculos
628 2580 677 2633 per
690 2562 794 2631 singula
806 2559 897 2632 volvit,

207 2629 373 2701 Miraturque
386 2632 509 2702 interque
522 2649 617 2685 manus
629 2641 656 2685 et
666 2630 777 2686 brachia
789 2639 877 2683 versat

207 2699 365 2753 Terribilem
378 2702 465 2754 cristis
476 2702 582 2769 galeam
594 2702 772 2771 flammasque
784 2710 946 2770 vomentem,
1002 2701 1054 2751 62⁰

142 2776 145 2781 ’
207 2767 408 2838 Fatiferumque
421 2787 522 2837 ensem,
537 2770 643 2824 loricam
656 2787 690 2824 ex
702 2787 764 2823 aere
776 2770 915 2840 rigentem,

164 2908 219 2954 ⁵89.
231 2905 293 2955 Luci
304 2925 336 2956 er.
354 2907 401 2956 See
412 2918 436 2956 at
448 2909 473 2956 ii.
484 2912 632 2957 aot-596.
650 2909 705 2957 The
717 2908 795 2957 sound
806 2907 911 2966 echoing
921 2905 962 2954 the
973 2921 1055 2955 senso.

134 2963 185 3014 tteo
195 2975 220 3013 at
230 2966 271 3013 vii.
301 2970 432 3017 11.-59·t.
447 2967 558 3016 Caeritis.
590 2968 637 3015 See
648 2983 671 3027 p.
682 2967 797 3036 2⁹2·.¹l¹¹.0
808 2968 944 3014 aea-599.
962 2964 1053 3032 Abieta,

133 3022 205 3073 three
217 3024 344 3084 syllables,
356 3028 550 3086 ebrato-600.
568 3026 676 3080 Silvano.
690 3042 721 3073 an
737 3025 880 3084 mdrgenoue
895 3022 960 3070 rura!
975 3021 1024 3070 deit
1044 3060 1052 3080 ,

133 3081 260 3151 identified
271 3083 337 3131 often
348 3085 409 3132 with
420 3084 462 3132 the
472 3084 555 3152 Greek
565 3085 624 3132 Pan.
651 3085 779 3151 Pelasgos..
798 3081 875 3150 virgil
887 3082 952 3136 here,
965 3082 1003 3130 for
1013 3038 1054 3129 tde

73 3144 79 3151 '
132 3142 270 3202 sulphure,
283 3158 341 3191 uses
353 3143 402 3190 thie
413 3143 479 3190 word
491 3153 517 3190 to
527 3143 632 3191 indicate
643 3144 684 3191 the
695 3142 763 3202 early
773 3141 921 3188 inhabitants
936 3140 965 3187 os
977 3139 1050 3201 Italy,

134 3200 192 3248 who
208 3215 249 3248 are
264 3202 387 3260 supposed
403 3211 428 3249 to
444 3202 505 3249 hove
516 3217 607 3261 sprung
617 3202 679 3249 from
690 3202 732 3248 the
743 3215 810 3247 same
822 3214 934 3268 common
944 3199 1015 3246 etocli
1026 3214 1053 3269 a·

133 3261 176 3309 the
188 3258 294 3309 Greeks.
326 3259 468 3308 Elsewhere
479 3259 581 3366 Pelasgi
590 3261 650 3307 with
662 3259 712 3308 him
728 3257 872 3306 isidentrcal
883 3258 944 3305 with
956 3258 1052 3306 Graeca

133 3316 265 3366 --cto.Er
278 3320 366 3381 gelido.
390 3318 491 3366 Others
506 3333 547 3365 rea
580 3321 676 3387 egelido.
707 3317 835 3373 secretam,
847 3316 951 3373 libeliis,
964 3316 1047 3365 aulum

168 3379 223 3426 618.
235 3374 337 3442 &pleri
344 3379 429 3439 rreprrit
440 3375 539 3434 tuendo,
552 3392 579 3426 os
590 3392 615 3425 ιιι
625 3381 678 3427 265.
919 3394 922 3401 ·
