2320 3744
429 203 433 212 ’
492 220 586 261 arasa
606 220 626 262 r.
967 206 1024 266 tat

166 346 291 401 Constitit
303 355 332 401 et
343 347 447 417 Libyae
458 347 551 402 defixit
564 348 666 403 lumina
677 348 777 418 regnis.
793 334 860 406 Μ
871 329 939 393 Μ’

166 418 258 487 Atque
270 416 347 470 illum
361 418 422 470 talis
431 417 577 488 jactantem
592 429 699 487 pectore
712 437 797 489 curas,

167 486 278 541 Tristior
290 497 317 539 et
330 488 448 540 lacrimis
459 487 551 540 oculos
562 489 664 540 suffusa
676 489 794 559 nitentis,

167 555 329 626 Adloquitur
340 557 449 610 Venus:
470 558 507 610 ιΟ
518 559 620 626 quires
632 557 826 629 hominumque
838 558 976 632 deumque

166 626 293 679 Aeternis
305 627 376 695 regis
387 627 517 696 imperiis,
530 637 558 679 et
571 626 683 680 fulmine
695 636 787 697 terres,
927 650 944 661 ·
972 635 1024 684 200

165 694 236 753 Quid
250 712 329 749 meus
341 696 450 750 Aeneas
461 697 488 749 in
499 704 528 749 te
540 697 709 750 committere
722 706 835 766 tantum,

165 764 238 824 Quid
249 765 335 818 Troes
380 774 464 836 tuere,
476 764 582 836 quibus,
596 775 633 818 tot
645 765 742 821 lunera
753 768 847 838 passis,

166 835 288 889 Cunctos
298 834 334 889 ob
360 835 451 889 talium
465 845 595 889 terrarum
611 835 744 890 clauditur
755 836 847 890 orbist

165 905 246 958 Certe
258 903 321 957 hinc
332 905 466 958 Romulum
477 905 550 974 olim,
564 905 733 960 volventibus
743 907 828 976 annis,

165 974 237 1028 Hinc
248 973 306 1027 lore
317 973 449 1044 ductores,
463 982 585 1027 revocato
597 992 613 1027 a
626 977 755 1045 sanguine
768 975 873 1049 Teucri,
970 981 1023 1032 200

165 1044 220 1103 Qui
232 1059 315 1114 mare,
327 1045 374 1114 qni
387 1051 471 1096 terras
481 1045 555 1097 omni
567 1045 668 1098 ditione
680 1054 809 1116 tenerent,

165 1112 314 1168 Pollicitus.
349 1107 425 1172 ohne
437 1121 472 1183 te,
485 1114 597 1183 genitor,
610 1116 743 1168 sententia
755 1116 853 1169 vertitl
895 1158 898 1163 .

165 1183 225 1237 Hoc
236 1182 363 1254 equidem
376 1199 503 1236 occasum
517 1183 613 1253 Trojae
625 1184 762 1254 tristisque
775 1185 865 1239 ruinas

166 1252 284 1322 Solebat,
297 1251 360 1306 latis
370 1252 502 1306 contraria
514 1251 570 1305 lata
583 1253 742 1324 rependens.

1 1341 2 1348 ¹
82 1362 88 1372 .
165 1322 248 1376 Nunc
260 1321 359 1376 eadem
372 1322 477 1374 lortuna
489 1322 559 1374 viros
571 1330 609 1375 tot
620 1323 728 1376 casibus
739 1330 814 1376 actos
970 1327 1023 1378 240

165 1390 328 1462 Insequitur.
363 1393 454 1450 Quem
465 1392 514 1444 das
525 1391 616 1460 linem,
631 1409 677 1444 rex
689 1409 795 1462 magne,
808 1391 952 1447 laborum!

166 1463 286 1515 Antenor
299 1460 392 1531 putuit,
406 1462 505 1514 mediis
516 1462 625 1530 elapsus
637 1461 756 1531 Achivis,

166 1529 289 1601 Illyricos
300 1540 440 1652 zenetrare
453 1531 527 1583 sinus
537 1540 620 1600 atque
633 1531 728 1601 intima
741 1538 814 1584 tutus

165 1599 260 1669 Regna
271 1600 303 1652 Li
323 1615 456 1669 umorum,
470 1608 497 1652 et
510 1599 612 1653 sontem
627 1617 753 1671 superare
765 1599 882 1670 Timavi,

166 1668 245 1722 Unde
258 1685 307 1738 per
318 1685 364 1721 ora
375 1686 474 1735 novem
486 1678 562 1722 vesto
575 1686 637 1723 curn
649 1686 788 1724 murmure
799 1670 901 1723 montis
970 1674 1022 1725 att

160 1738 190 1797 'It
201 1755 277 1792 mare
289 1747 453 1810 proruptum,
467 1747 494 1790 et
541 1738 602 1806 lage
613 1740 711 1808 premit
726 1756 790 1792 arva
802 1740 917 1794 sonanti.

166 1807 217 1861 Hic
229 1817 321 1861 temen
333 1806 379 1860 ille
391 1808 486 1861 urbem
519 1807 591 1861 atavi
604 1808 738 1878 sedesque
750 1808 848 1861 locavit

166 1877 340 1947 Teucrorum,
354 1886 381 1930 et
392 1879 466 1946 genti
479 1894 578 1931 nomen
589 1877 664 1932 dedit
676 1893 806 1958 armaque
817 1877 875 1931 fixit

166 1946 265 2010 Troia3
283 1963 355 2000 nunc
366 1946 473 2015 placida
484 1955 638 2017 compostus
648 1963 717 2017 pace
729 1947 870 2019 quiescitr

167 2016 231 2084 Nos,
245 2025 291 2069 tua
304 2017 454 2086 progenies,
465 2017 533 2069 coeli
546 2015 645 2085 quibus
655 2017 753 2070 adnuis
762 2024 878 2088 vturcum,=
972 2019 1024 2070 200

166 2085 298 2155 Navibus,
312 2084 469 2140 infandum!
489 2086 604 2155 arnissis,
618 2086 697 2139 unius
708 2086 743 2140 ob
755 2087 824 2139 iram

167 2154 316 2224 Prodimur‚
328 2164 410 2224 etque
422 2155 497 2208 Italis
509 2155 587 2223 longe
596 2154 777 2226 disjungimur
787 2155 847 2208 oris

166 2224 218 2277 llic
230 2224 338 2293 pietatis
350 2223 452 2278 bonosi
471 2225 511 2277 sic
523 2241 571 2277 nos
584 2224 611 2277 in
623 2234 728 2294 sceptra
741 2224 875 2294 reponisl'

202 2293 253 2347 Olli
267 2293 408 2347 subridens
420 2294 559 2348 hominum
572 2302 643 2346 sator
653 2300 736 2363 atque
748 2294 861 2348 deorum

166 2361 259 2431 Vultu,
272 2378 325 2432 quo
337 2362 444 2416 coelum
455 2370 686 2433 tempestatesque
698 2371 813 2434 serenat,
972 2365 1023 2415 250

4 2510 5 2519 ,
95 2470 173 2521 From
189 2471 250 2518 talea
266 2486 337 2518 caras
354 2481 385 2522 tv.
396 2474 459 2526 227),
472 2471 573 2530 anxiety
583 2486 665 2519 seems
682 2469 796 2519 involved
811 2469 890 2518 iubis
906 2469 1021 2530 position,

4 2554 6 2569 ν
93 2529 180 2578 which
191 2528 231 2577 led
242 2528 294 2576 him
305 2537 331 2576 to
341 2530 445 2577 observe
460 2529 502 2577 the
519 2530 637 2577 situation
648 2529 676 2577 os
688 2530 797 2577 Aeneas.
805 2532 897 2576 -228,
917 2527 1023 2577 Tristior

93 2604 171 2650 quem
191 2603 247 2636 mos
268 2597 328 2636 erat.
364 2587 450 2636 Oculos
471 2590 573 2651 suffoca.
605 2589 653 2657 §ee
668 2587 721 2637 Eat.
738 2588 754 2636 i.
771 2590 908 2655 bbg-233.
930 2587 973 2641 Ob.
991 2602 1023 2638 no

94 2649 194 2715 adeant.
205 2649 300 2693 -oet
328 2644 490 2696 Volventabos.
528 2647 675 2717 Transrtrvue‘
688 2648 770 2703 verbs,
793 2646 936 2753 principally
951 2645 1023 2694 those

94 2704 1019 2823 thetidi?h”ttrtl‘ffi'sttlinutile&tiltltltt‘itd

94 2781 1024 2939 ntnnnnmn‚nranimentonnn

93 2943 146 2991 viii.
157 2945 182 2989 6.
191 2944 284 2989 -246,
301 2941 357 2989 The
370 2941 498 2995 Timavus,
509 2940 676 3001 immediately
684 2957 715 2989 on
727 2941 821 3001 issuing
831 2940 892 2988 from
903 2942 935 2989 its
946 2940 1023 3001 roeky

94 3002 191 3072 spring,
202 3000 223 3048 is
234 3000 365 3068 compared
377 3013 403 3047 to
414 3001 594 3069 oseafoaming
602 3000 662 3048 with
673 3000 798 3049 breakers.
806 3002 899 3070 7247.
914 2998 1002 3047 Tamen
1009 3015 1020 3056 ,·

94 3076 144 3169 ¹1³¹:
152 3072 199 3167 ll?
209 3057 1024 3166 ⁰lt¹l'ltnltllttllttlli“tltlnnitltnlltl‘tltss

93 3179 336 3249 Patavium7248.
353 3175 454 3243 Nomen.
485 3177 541 3224 The
557 3176 706 3224 inhabitants
722 3175 834 3246 received
849 3175 891 3223 the
907 3190 978 3243 name
994 3174 1023 3224 ol

94 3234 1024 3358 ltfu‘tth‘tllnlttlll'ttthi‘lltigit„ittsifethlt

94 3355 230 3416 happiness
241 3354 269 3402 ul
281 3356 397 3402 Antenor
408 3351 453 3399 has
469 3354 530 3401 been
546 3352 730 3402 consummated
747 3354 780 3413 by
790 3368 805 3400 a
815 3350 925 3411 peacesul
940 3349 1020 3401 death

102 3418 189 3463 -251.
210 3412 299 3463 Unius.
322 3413 338 3463 J
340 3427 391 3462 uno
401 3411 423 3459 is
434 3410 538 3462 referred
549 3422 582 3461 to.
589 3441 622 3452 -
629 3414 682 3460 254.
698 3410 758 3469 otti,
768 3426 799 3459 an
810 3408 952 3470 antiquated
961 3407 1023 3457 loru

94 3473 125 3525 os
137 3476 185 3524 itti.

205 3536 236 3586 12
