2242 3826
490 193 584 233 arsen
602 193 646 232 xr.
964 174 1023 233 393

169 317 195 373 Τ
214 319 354 390 rrheuique
367 318 459 390 duces,
472 320 641 391 Tyrrhenum
654 314 788 373 exercitus
799 319 895 374 omnis.

203 408 271 459 agna
283 400 391 459 tropaea
403 389 498 457 serunt,
512 408 580 469 quos
591 390 637 442 dat
650 396 695 442 tua
708 390 819 443 dextera
831 391 899 460 lero,

110 486 113 491 ›
169 459 211 512 Tu
223 476 329 528 quoque
342 475 412 510 nunc
424 469 509 511 stares
521 459 648 512 immanis
660 468 769 512 truncus
780 461 805 511 in
818 461 910 531 armis,

171 528 250 582 Esset
262 545 310 598 par
322 538 398 579 aetas
410 536 437 579 et
449 527 522 580 idern
534 529 557 580 si
570 527 647 580 robur
658 527 693 580 ab
705 529 789 594 anuis,

83 638 89 648 t
169 597 267 650 Turne.
302 596 356 650 Sed
367 596 460 650 infelix
472 597 590 666 Teucros
602 596 666 665 quid
678 597 800 650 demoror
812 596 914 653 armisl
971 603 1021 654 170
1111 602 1118 609 ’

169 665 266 718 Vadite
281 664 388 719 ethaeo
399 683 534 719 memores
546 666 601 735 regi
614 667 741 719 mandata
754 666 865 718 relerte:

169 734 247 793 Quod
258 735 343 788 vitam
354 751 441 788 moror
453 735 577 803 invisam,
592 734 710 788 Pallante
724 744 871 805 perempto,

148 832 155 873 ·.
168 803 285 857 Dextera
296 820 378 857 causa
389 814 436 857 tua
448 812 496 873 est,
510 805 629 857 Turnum
642 813 757 926 natoque
769 806 891 876 patrique

168 871 255 931 Quam
268 872 366 926 debere
378 871 464 926 rides.
499 873 606 927 Meritis
618 883 694 926 vacat
728 874 752 926 ic
765 874 812 927 tibi
825 874 898 930 solus

140 943 147 959 ³
168 941 354 1011 Fortunaeque
366 942 448 995 locus.
483 943 543 996 Non
556 945 626 995 vitae
638 943 737 1011 gaudia
748 960 866 1014 quaer03
967 946 1020 997 180

167 1010 295 1079 Neuius,
312 1011 360 1064 sed
372 1021 434 1064 nato
446 1011 537 1064 Manis
547 1012 664 1081 perferre
678 1012 727 1064 sub
740 1013 827 1065 imos.’

201 1085 304 1133 Aurora
316 1080 417 1133 interea
428 1081 535 1134 miseris
547 1080 703 1134 mortalibus
714 1080 815 1135 almam

169 1148 307 1202 Extulerat
319 1149 418 1220 lucem,
431 1150 550 1202 reserens
560 1168 640 1220 opera
652 1159 734 1219 etque
746 1150 866 1204 labores:

167 1218 226 1271 Jam
240 1229 315 1288 pater
326 1222 441 1288 Aeneas,
454 1217 510 1288 jam
522 1236 603 1272 curvo
616 1220 642 1271 in
654 1219 729 1273 litore
741 1218 864 1274 Tarchon

167 1287 331 1341 Constituere
343 1305 432 1357 pyras.
469 1289 528 1341 Huc
540 1305 649 1358 corpora
661 1289 773 1359 quisque
786 1305 896 1344 suorum

166 1355 243 1409 More
256 1356 340 1409 tulere
353 1365 474 1426 patrum,
492 1357 674 1427 subjectisque
687 1358 793 1426 ignibus
803 1359 867 1413 atris

166 1424 292 1479 Couditur
303 1426 329 1479 in
344 1427 469 1479 tenebras
480 1426 565 1479 altum
578 1427 692 1495 caligine
705 1427 820 1480 coelum.

167 1490 220 1546 Ter
231 1495 332 1549 circum
344 1513 478 1564 accensos,
493 1495 572 1548 cincti
584 1495 748 1564 fulgentibus
759 1497 848 1568 armis,

167 1562 316 1616 Decurrere
328 1581 404 1632 rogos
411 1580 419 1632 3
439 1574 479 1617 ter
490 1574 624 1618 moestum
638 1565 739 1618 luneris
751 1566 759 1618 i
780 1584 842 1620 nem

167 1631 327 1686 Lustravere
339 1633 365 1687 in
378 1633 463 1702 equis,
476 1633 647 1704 ululatusque
660 1651 704 1687 ore
717 1585 825 1688 dedere.

168 1700 303 1773 Spargitur
314 1711 341 1755 et
354 1701 434 1755 tellus
445 1702 570 1770 lacrimis,
584 1714 741 1771 sparguntur
753 1713 780 1756 et
793 1721 877 1758 arma.

167 1769 191 1821 It
202 1770 277 1823 coelo
289 1770 442 1840 clamorque
454 1771 542 1825 virum
553 1771 714 1841 clangorque
728 1773 861 1826 tubarum.

104 1871 108 1877 ·
167 1838 237 1891 Hinc
248 1840 295 1892 alii
306 1840 392 1909 spolia
403 1840 498 1895 occisis
509 1841 620 1910 derepta
632 1841 734 1893 Latinis

167 1907 318 1975 Corrjioiuut
331 1910 391 1981 ig'ni,
404 1909 496 1977 galeas
508 1926 640 1980 ensesque
653 1909 764 1962 decoros

153 2016 156 2021 .
168 1974 308 2045 Frenaque
321 1977 501 2047 ferventisque
514 1988 584 2031 rotas
591 1995 599 2047 3
618 1995 678 2048 pars
693 1996 803 2032 munera
815 1993 885 2053 nota,
969 1976 1023 2035 100

168 2044 288 2113 Ipsorum
301 2046 403 2116 clipeos
414 2056 441 2100 et
453 2065 504 2100 non
518 2047 608 2100 felicia
620 2046 682 2102 tela.

167 2111 257 2167 Multa
268 2113 349 2168 boum
361 2116 433 2169 circa
445 2127 595 2170 mactantur
607 2133 714 2186 corpora
726 2116 815 2187 Morti,

167 2181 352 2253 Setigerosque
365 2202 428 2237 sues
439 2197 581 2254 raptasque
593 2203 627 2238 ex
639 2186 763 2240 omnibus
774 2188 845 2257 agris

167 2252 198 2304 Iu
211 2252 350 2306 flammam
360 2253 482 2322 jugulant
494 2256 622 2323 pecudes.
658 2257 728 2308 Turn
742 2256 816 2309 litore
830 2265 883 2309 toto

168 2319 294 2373 Ardentis
305 2332 426 2390 spectant
439 2323 532 2392 socios,
546 2325 727 2392 semiustaque
740 2335 845 2377 servent
967 2329 1019 2379 200

169 2389 259 2458 Busta,
272 2407 360 2460 neque
372 2390 453 2443 avelli
464 2402 581 2461 possunt,
594 2410 646 2445 nox
660 2393 768 2444 humida
783 2392 870 2447 donec

168 2458 278 2512 lurertit
290 2461 394 2513 coelum
408 2460 662 2514 stellis'ardentibus
672 2470 774 2530 aptum.

203 2528 263 2580 Nec
275 2529 362 2581 minus
374 2537 401 2580 et
413 2530 510 2596 miseri,
524 2529 630 2581 diversa
641 2530 667 2583 in
681 2540 763 2598 parte,
777 2529 864 2584 Latini

168 2596 326 2649 Innumeras
338 2608 456 2653 struxere
468 2614 565 2667 pyras,
584 2607 610 2650 et
622 2615 730 2667 corpora
742 2600 837 2668 partim

169 2663 259 2717 Multa
270 2667 358 2719 virum
371 2676 457 2719 terrae
470 2667 608 2735 infodiunt,
621 2677 771 2738 avectaque
784 2668 881 2738 partim
968 2673 1020 2723 205

170 2733 311 2788 Finitimos
322 2735 415 2789 tollunt
427 2735 454 2788 iu
467 2753 552 2804 agros,
565 2737 677 2806 urbique
691 2737 829 2791 remittunt
836 2755 845 2805 5

169 2803 273 2871 Cetera,
285 2804 412 2857 confusae
432 2822 467 2857 ue
481 2805 616 2872 ingentem
629 2803 721 2859 caedis
732 2823 861 2860 acervum

169 2872 230 2924 Nec
242 2889 353 2925 numero
365 2890 415 2925 nec
447 2890 524 2925 onore
536 2882 674 2942 cremant,
692 2884 756 2926 tunc
769 2876 886 2944 undique
898 2875 968 2928 vasti

170 2941 297 2995 Certatim
310 2941 410 2995 crebris
421 2942 554 2994 collucent
566 2942 671 3010 ignibus
682 2943 747 3010 agri.

169 3009 261 3062 Tertia
272 3010 318 3063 lux
329 3010 448 3078 gelidam
460 3011 535 3062 coelo
546 3010 693 3064 dimoverat
707 3012 847 3065 umbram:
968 3018 1020 3068 2Ιο

169 3078 325 3131 Moerentes
336 3078 422 3133 altum
433 3081 551 3132 cinerem
564 3090 591 3132 et
603 3079 713 3132 confusa
726 3081 839 3134 ruebant

129 3227 182 3273 172.
217 3222 322 3285 Tropaea
336 3224 444 3272 virorum
458 3227 622 3282 orcos-181.
652 3222 767 3286 Perferre
781 3227 896 3275 nuncium
911 3228 1020 3282 occisum

95 3281 387 3332 esseTurnum.-186.
421 3281 508 3330 Tolera
522 3299 547 3330 co
590 3299 625 3337 ra,
638 3286 738 3343 quisque
753 3283 833 3332 ferens
848 3299 949 3344 corpora
963 3305 1019 3336 sno·

96 3344 260 3391 nrm-200.
291 3339 421 3397 semiassi,
441 3341 510 3387 three
531 3340 752 3400 emblac-202.
783 3341 894 3390 Incertit.
926 3345 973 3394 See
994 3356 1020 3395 at

95 3401 126 3452 ii.
136 3403 287 3449 teu-211.
303 3399 392 3457 Busta,
405 3409 431 3448 to
441 3409 551 3458 separate
563 3400 595 3458 by
607 3399 701 3461 tossiug
710 3415 776 3449 orer.
801 3402 848 3450 See
859 3410 884 3450 at
895 3401 911 3450 i.
923 3407 962 3461 ³⁵,
972 3411 1021 3454 aud
