<?xml version="1.0" encoding="UTF-8"?>
<!DOCTYPE html PUBLIC "-//W3C//DTD XHTML 1.0 Transitional//EN"
    "http://www.w3.org/TR/xhtml1/DTD/xhtml1-transitional.dtd">
<html xmlns="http://www.w3.org/1999/xhtml" xml:lang="en" lang="en">
 <head>
  <title>
</title>
<meta http-equiv="Content-Type" content="text/html;charset=utf-8" />
  <meta name='ocr-system' content='tesseract 3.04.00' />
  <meta name='ocr-capabilities' content='ocr_page ocr_carea ocr_par ocr_line ocrx_word'/>
</head>
<body>
  <div class='ocr_page' id='page_1' title='image "./carmina01virggoog_0128.png"; bbox 0 0 2320 3744; ppageno 0'>
   <div class='ocr_carea' id='block_1_1' title="bbox 507 226 661 270">
    <p class='ocr_par' dir='ltr' id='par_1_1' title="bbox 507 226 661 270">
     <span class='ocr_line' id='line_1_1' title="bbox 507 226 661 270; baseline -0.019 0"><span class='ocrx_word' id='word_1_1' title='bbox 507 226 601 270; x_wconf 68' lang='lat' dir='ltr'>LIBER</span> <span class='ocrx_word' id='word_1_2' title='bbox 619 228 661 270; x_wconf 61' lang='lat' dir='ltr'><strong>lv.</strong></span> 
     </span>
    </p>
   </div>
   <div class='ocr_carea' id='block_1_2' title="bbox 127 356 1046 2945">
    <p class='ocr_par' dir='ltr' id='par_1_2' title="bbox 127 356 1046 2945">
     <span class='ocr_line' id='line_1_2' title="bbox 187 356 859 482; baseline -0.003 -66"><span class='ocrx_word' id='word_1_3' title='bbox 187 357 339 430; x_wconf 68' lang='lat' dir='ltr'><strong>mptum</strong></span> <span class='ocrx_word' id='word_1_4' title='bbox 349 356 439 482; x_wconf 77' lang='lat' dir='ltr'><strong>prima</strong></span> <span class='ocrx_word' id='word_1_5' title='bbox 450 367 576 429; x_wconf 84' lang='lat' dir='ltr'><strong>repetens</strong></span> <span class='ocrx_word' id='word_1_6' title='bbox 587 356 623 411; x_wconf 79' lang='lat' dir='ltr'><strong>ab</strong></span> <span class='ocrx_word' id='word_1_7' title='bbox 633 356 736 425; x_wconf 82' lang='lat' dir='ltr'><strong>origine</strong></span> <span class='ocrx_word' id='word_1_8' title='bbox 748 357 859 414; x_wconf 85' lang='lat' dir='ltr'><strong>lamam.</strong></span> 
     </span>
     <span class='ocr_line' id='line_1_3' title="bbox 187 428 830 499; baseline -0.003 -15"><span class='ocrx_word' id='word_1_9' title='bbox 187 431 268 499; x_wconf 89' lang='lat' dir='ltr'><strong>Nam,</strong></span> <span class='ocrx_word' id='word_1_10' title='bbox 281 445 336 499; x_wconf 88' lang='lat' dir='ltr'><strong>qua</strong></span> <span class='ocrx_word' id='word_1_11' title='bbox 371 428 450 481; x_wconf 88' lang='lat' dir='ltr'><strong>ellaei</strong></span> <span class='ocrx_word' id='word_1_12' title='bbox 461 446 530 497; x_wconf 85' lang='lat' dir='ltr'><strong>gens</strong></span> <span class='ocrx_word' id='word_1_13' title='bbox 541 429 676 481; x_wconf 81' lang='lat' dir='ltr'><strong>fortunata</strong></span> <span class='ocrx_word' id='word_1_14' title='bbox 686 428 788 498; x_wconf 84' lang='lat' dir='ltr'>Canopi</span> <span class='ocrx_word' id='word_1_15' title='bbox 827 482 830 487; x_wconf 86' lang='grc'>,</span> 
     </span>
     <span class='ocr_line' id='line_1_4' title="bbox 185 497 814 569; baseline -0.002 -16"><span class='ocrx_word' id='word_1_16' title='bbox 185 499 293 554; x_wconf 87' lang='lat' dir='ltr'><strong>Accolit</strong></span> <span class='ocrx_word' id='word_1_17' title='bbox 304 498 392 552; x_wconf 85' lang='lat' dir='ltr'><strong>effuse</strong></span> <span class='ocrx_word' id='word_1_18' title='bbox 405 507 575 567; x_wconf 79' lang='lat' dir='ltr'><strong>stagnantem</strong></span> <span class='ocrx_word' id='word_1_19' title='bbox 587 498 700 550; x_wconf 87' lang='lat' dir='ltr'><strong>flumine</strong></span> <span class='ocrx_word' id='word_1_20' title='bbox 713 497 814 569; x_wconf 91' lang='lat' dir='ltr'><strong>Nilum,</strong></span> 
     </span>
     <span class='ocr_line' id='line_1_5' title="bbox 186 567 819 639; baseline -0.005 -15"><span class='ocrx_word' id='word_1_21' title='bbox 186 568 222 624; x_wconf 84' lang='lat' dir='ltr'><strong>Et</strong></span> <span class='ocrx_word' id='word_1_22' title='bbox 233 569 337 622; x_wconf 88' lang='lat' dir='ltr'><strong>circum</strong></span> <span class='ocrx_word' id='word_1_23' title='bbox 349 568 429 639; x_wconf 88' lang='lat' dir='ltr'><strong>pictis</strong></span> <span class='ocrx_word' id='word_1_24' title='bbox 439 569 547 622; x_wconf 83' lang='lat' dir='ltr'><strong>vehitur</strong></span> <span class='ocrx_word' id='word_1_25' title='bbox 558 584 607 620; x_wconf 86' lang='lat' dir='ltr'><strong>sua</strong></span> <span class='ocrx_word' id='word_1_26' title='bbox 621 584 681 620; x_wconf 86' lang='lat' dir='ltr'><strong>rura</strong></span> <span class='ocrx_word' id='word_1_27' title='bbox 692 567 819 638; x_wconf 87' lang='lat' dir='ltr'><strong>phaselis,</strong></span> 
     </span>
     <span class='ocr_line' id='line_1_6' title="bbox 185 637 1043 713; baseline 0.003 -22"><span class='ocrx_word' id='word_1_28' title='bbox 185 639 301 708; x_wconf 83' lang='lat' dir='ltr'><strong>Quaque</strong></span> <span class='ocrx_word' id='word_1_29' title='bbox 314 638 484 709; x_wconf 83' lang='lat' dir='ltr'><strong>pharetratae</strong></span> <span class='ocrx_word' id='word_1_30' title='bbox 495 638 595 691; x_wconf 83' lang='lat' dir='ltr'><strong>vicinia</strong></span> <span class='ocrx_word' id='word_1_31' title='bbox 606 637 727 713; x_wconf 55' lang='lat' dir='ltr'><strong>Bersidis</strong></span> <span class='ocrx_word' id='word_1_32' title='bbox 738 647 842 710; x_wconf 83' lang='lat' dir='ltr'><strong>urguet,</strong></span> <span class='ocrx_word' id='word_1_33' title='bbox 992 643 1043 694; x_wconf 78' lang='grc'><strong>200</strong></span> 
     </span>
     <span class='ocr_line' id='line_1_7' title="bbox 187 707 836 779; baseline -0.003 -16"><span class='ocrx_word' id='word_1_34' title='bbox 187 710 222 763; x_wconf 89' lang='lat' dir='ltr'><strong>Et</strong></span> <span class='ocrx_word' id='word_1_35' title='bbox 234 710 342 762; x_wconf 79' lang='lat' dir='ltr'><strong>diversa</strong></span> <span class='ocrx_word' id='word_1_36' title='bbox 354 725 435 762; x_wconf 89' lang='lat' dir='ltr'><strong>ruens</strong></span> <span class='ocrx_word' id='word_1_37' title='bbox 446 717 552 779; x_wconf 84' lang='lat' dir='ltr'><strong>septem</strong></span> <span class='ocrx_word' id='word_1_38' title='bbox 563 707 687 760; x_wconf 84' lang='lat' dir='ltr'><strong>discurrit</strong></span> <span class='ocrx_word' id='word_1_39' title='bbox 700 708 726 760; x_wconf 92' lang='lat' dir='ltr'><strong>in</strong></span> <span class='ocrx_word' id='word_1_40' title='bbox 739 724 786 761; x_wconf 87' lang='lat' dir='ltr'><strong>ora</strong></span> <span class='ocrx_word' id='word_1_41' title='bbox 831 732 836 741; x_wconf 93' lang='lat'>·</span> 
     </span>
     <span class='ocr_line' id='line_1_8' title="bbox 185 777 789 848; baseline -0.003 -15"><span class='ocrx_word' id='word_1_42' title='bbox 185 778 279 848; x_wconf 80' lang='lat' dir='ltr'><strong>Usque</strong></span> <span class='ocrx_word' id='word_1_43' title='bbox 291 778 414 832; x_wconf 89' lang='lat' dir='ltr'><strong>coloratis</strong></span> <span class='ocrx_word' id='word_1_44' title='bbox 426 779 515 831; x_wconf 88' lang='lat' dir='ltr'><strong>amnis</strong></span> <span class='ocrx_word' id='word_1_45' title='bbox 526 778 649 830; x_wconf 81' lang='lat' dir='ltr'><strong>devexus</strong></span> <span class='ocrx_word' id='word_1_46' title='bbox 659 777 696 830; x_wconf 88' lang='lat' dir='ltr'><strong>ab</strong></span> <span class='ocrx_word' id='word_1_47' title='bbox 708 777 789 848; x_wconf 91' lang='lat' dir='ltr'><strong>lndis,</strong></span> 
     </span>
     <span class='ocr_line' id='line_1_9' title="bbox 127 846 847 918; baseline -0.001 -15"><span class='ocrx_word' id='word_1_48' title='bbox 127 856 132 861; x_wconf 87' lang='lat'>&#39;</span> <span class='ocrx_word' id='word_1_49' title='bbox 186 848 221 903; x_wconf 80' lang='lat' dir='ltr'><strong>Et</strong></span> <span class='ocrx_word' id='word_1_50' title='bbox 233 846 349 902; x_wconf 83' lang='lat' dir='ltr'><strong>viridem</strong></span> <span class='ocrx_word' id='word_1_51' title='bbox 362 851 517 918; x_wconf 83' lang='lat' dir='ltr'><strong>Aegyptum</strong></span> <span class='ocrx_word' id='word_1_52' title='bbox 529 848 606 916; x_wconf 88' lang='lat' dir='ltr'><strong>nigra</strong></span> <span class='ocrx_word' id='word_1_53' title='bbox 617 847 746 901; x_wconf 83' lang='lat' dir='ltr'><strong>fecundat</strong></span> <span class='ocrx_word' id='word_1_54' title='bbox 756 865 847 918; x_wconf 83' lang='lat' dir='ltr'><strong>arena,</strong></span> 
     </span>
     <span class='ocr_line' id='line_1_10' title="bbox 185 916 867 986; baseline 0 -14"><span class='ocrx_word' id='word_1_55' title='bbox 185 919 281 972; x_wconf 85' lang='lat' dir='ltr'><strong>Omnis</strong></span> <span class='ocrx_word' id='word_1_56' title='bbox 291 918 320 972; x_wconf 89' lang='lat' dir='ltr'><strong>in</strong></span> <span class='ocrx_word' id='word_1_57' title='bbox 333 920 384 971; x_wconf 83' lang='lat' dir='ltr'><strong>hac</strong></span> <span class='ocrx_word' id='word_1_58' title='bbox 397 929 497 971; x_wconf 85' lang='lat' dir='ltr'><strong>certam</strong></span> <span class='ocrx_word' id='word_1_59' title='bbox 511 918 585 986; x_wconf 88' lang='lat' dir='ltr'><strong>regio</strong></span> <span class='ocrx_word' id='word_1_60' title='bbox 594 916 660 986; x_wconf 83' lang='lat' dir='ltr'><strong>jecit</strong></span> <span class='ocrx_word' id='word_1_61' title='bbox 671 926 729 971; x_wconf 88' lang='lat' dir='ltr'><strong>arte</strong></span> <span class='ocrx_word' id='word_1_62' title='bbox 741 918 867 972; x_wconf 87' lang='lat' dir='ltr'><strong>salutem.</strong></span> 
     </span>
     <span class='ocr_line' id='line_1_11' title="bbox 185 988 1044 1062; baseline 0.001 -21"><span class='ocrx_word' id='word_1_63' title='bbox 185 988 310 1057; x_wconf 83' lang='lat' dir='ltr'><strong>Exiguus</strong></span> <span class='ocrx_word' id='word_1_64' title='bbox 321 988 446 1058; x_wconf 90' lang='lat' dir='ltr'><strong>primum,</strong></span> <span class='ocrx_word' id='word_1_65' title='bbox 458 996 541 1057; x_wconf 90' lang='lat' dir='ltr'><strong>atque</strong></span> <span class='ocrx_word' id='word_1_66' title='bbox 554 988 625 1056; x_wconf 90' lang='lat' dir='ltr'><strong>ipsos</strong></span> <span class='ocrx_word' id='word_1_67' title='bbox 636 995 787 1041; x_wconf 87' lang='lat' dir='ltr'><strong>contractus</strong></span> <span class='ocrx_word' id='word_1_68' title='bbox 798 989 833 1042; x_wconf 88' lang='lat' dir='ltr'><strong>ad</strong></span> <span class='ocrx_word' id='word_1_69' title='bbox 846 1004 920 1062; x_wconf 83' lang='lat' dir='ltr'><strong>usus,</strong></span> <span class='ocrx_word' id='word_1_70' title='bbox 992 990 1044 1042; x_wconf 76' lang='grc'><strong>205</strong></span> 
     </span>
     <span class='ocr_line' id='line_1_12' title="bbox 185 1057 868 1127; baseline 0.001 -15"><span class='ocrx_word' id='word_1_71' title='bbox 185 1058 302 1127; x_wconf 81' lang='lat' dir='ltr'>Eligitur</span> <span class='ocrx_word' id='word_1_72' title='bbox 314 1057 388 1111; x_wconf 90' lang='lat' dir='ltr'><strong>locus</strong></span> <span class='ocrx_word' id='word_1_73' title='bbox 395 1073 403 1127; x_wconf 81' lang='lat'><em>3</em></span> <span class='ocrx_word' id='word_1_74' title='bbox 422 1057 493 1111; x_wconf 89' lang='lat' dir='ltr'><strong>hunc</strong></span> <span class='ocrx_word' id='word_1_75' title='bbox 505 1057 666 1126; x_wconf 80' lang='lat' dir='ltr'>angustique</span> <span class='ocrx_word' id='word_1_76' title='bbox 679 1057 791 1111; x_wconf 88' lang='lat' dir='ltr'><strong>imbrice</strong></span> <span class='ocrx_word' id='word_1_77' title='bbox 805 1060 868 1113; x_wconf 90' lang='lat' dir='ltr'><strong>tecti</strong></span> 
     </span>
     <span class='ocr_line' id='line_1_13' title="bbox 185 1127 918 1200; baseline 0.001 -19"><span class='ocrx_word' id='word_1_78' title='bbox 185 1127 391 1197; x_wconf 88' lang='lat' dir='ltr'><strong>Parietibusque</strong></span> <span class='ocrx_word' id='word_1_79' title='bbox 403 1136 527 1197; x_wconf 86' lang='lat' dir='ltr'><strong>premunt</strong></span> <span class='ocrx_word' id='word_1_80' title='bbox 539 1127 629 1195; x_wconf 84' lang='lat' dir='ltr'><strong>arctis,</strong></span> <span class='ocrx_word' id='word_1_81' title='bbox 642 1136 670 1179; x_wconf 89' lang='lat' dir='ltr'><strong>et</strong></span> <span class='ocrx_word' id='word_1_82' title='bbox 682 1136 796 1197; x_wconf 89' lang='lat' dir='ltr'><strong>quatuor</strong></span> <span class='ocrx_word' id='word_1_83' title='bbox 807 1129 918 1200; x_wconf 87' lang='lat' dir='ltr'><strong>addunt,</strong></span> 
     </span>
     <span class='ocr_line' id='line_1_14' title="bbox 184 1197 788 1267; baseline 0 -17"><span class='ocrx_word' id='word_1_84' title='bbox 184 1199 306 1258; x_wconf 79' lang='lat' dir='ltr'><strong>Quattuor</strong></span> <span class='ocrx_word' id='word_1_85' title='bbox 317 1215 335 1249; x_wconf 85' lang='lat' dir='ltr'><strong>u</strong></span> <span class='ocrx_word' id='word_1_86' title='bbox 346 1198 441 1267; x_wconf 82' lang='lat' dir='ltr'><strong>ventis,</strong></span> <span class='ocrx_word' id='word_1_87' title='bbox 455 1197 564 1266; x_wconf 83' lang='lat' dir='ltr'><strong>obliqua</strong></span> <span class='ocrx_word' id='word_1_88' title='bbox 576 1197 638 1250; x_wconf 89' lang='lat' dir='ltr'><strong>luce</strong></span> <span class='ocrx_word' id='word_1_89' title='bbox 650 1197 788 1251; x_wconf 74' lang='lat' dir='ltr'><strong>fenestras.</strong></span> 
     </span>
     <span class='ocr_line' id='line_1_15' title="bbox 183 1266 861 1336; baseline 0.004 -17"><span class='ocrx_word' id='word_1_90' title='bbox 183 1267 257 1321; x_wconf 91' lang='lat' dir='ltr'><strong>Tum</strong></span> <span class='ocrx_word' id='word_1_91' title='bbox 269 1267 371 1321; x_wconf 86' lang='lat' dir='ltr'><strong>vitulus</strong></span> <span class='ocrx_word' id='word_1_92' title='bbox 382 1267 458 1320; x_wconf 88' lang='lat' dir='ltr'><strong>bima</strong></span> <span class='ocrx_word' id='word_1_93' title='bbox 470 1268 585 1320; x_wconf 79' lang='lat' dir='ltr'><strong>curvans</strong></span> <span class='ocrx_word' id='word_1_94' title='bbox 595 1266 651 1336; x_wconf 84' lang='lat' dir='ltr'><strong>jam</strong></span> <span class='ocrx_word' id='word_1_95' title='bbox 664 1282 763 1321; x_wconf 88' lang='lat' dir='ltr'><strong>cornua</strong></span> <span class='ocrx_word' id='word_1_96' title='bbox 776 1266 861 1322; x_wconf 78' lang='lat' dir='ltr'><strong>fronte</strong></span> 
     </span>
     <span class='ocr_line' id='line_1_16' title="bbox 185 1337 1044 1407; baseline 0.001 -17"><span class='ocrx_word' id='word_1_97' title='bbox 185 1337 344 1406; x_wconf 69' lang='lat' dir='ltr'><strong>Quaeritur,</strong></span> <span class='ocrx_word' id='word_1_98' title='bbox 363 1337 563 1407; x_wconf 83' lang='lat' dir='ltr'><strong>huicgeminae</strong></span> <span class='ocrx_word' id='word_1_99' title='bbox 576 1353 656 1390; x_wconf 87' lang='lat' dir='ltr'><strong>nares</strong></span> <span class='ocrx_word' id='word_1_100' title='bbox 666 1345 694 1389; x_wconf 92' lang='lat' dir='ltr'><strong>et</strong></span> <span class='ocrx_word' id='word_1_101' title='bbox 706 1337 815 1407; x_wconf 88' lang='lat' dir='ltr'><strong>spiritus</strong></span> <span class='ocrx_word' id='word_1_102' title='bbox 826 1339 880 1391; x_wconf 86' lang='lat' dir='ltr'><strong>oris</strong></span> <span class='ocrx_word' id='word_1_103' title='bbox 992 1342 1044 1391; x_wconf 83' lang='lat'><strong>³00</strong></span> 
     </span>
     <span class='ocr_line' id='line_1_17' title="bbox 184 1406 899 1479; baseline 0.001 -19"><span class='ocrx_word' id='word_1_104' title='bbox 184 1407 275 1460; x_wconf 90' lang='lat' dir='ltr'><strong>Multa</strong></span> <span class='ocrx_word' id='word_1_105' title='bbox 288 1407 429 1461; x_wconf 82' lang='lat' dir='ltr'><strong>reluctanti</strong></span> <span class='ocrx_word' id='word_1_106' title='bbox 441 1407 593 1473; x_wconf 78' lang='lat' dir='ltr'><strong>obstruitur,</strong></span> <span class='ocrx_word' id='word_1_107' title='bbox 606 1406 747 1476; x_wconf 78' lang='lat' dir='ltr'><strong>plagisque</strong></span> <span class='ocrx_word' id='word_1_108' title='bbox 759 1417 899 1479; x_wconf 89' lang='lat' dir='ltr'><strong>perempto</strong></span> 
     </span>
     <span class='ocr_line' id='line_1_18' title="bbox 184 1477 874 1548; baseline 0.003 -18"><span class='ocrx_word' id='word_1_109' title='bbox 184 1477 278 1530; x_wconf 86' lang='lat' dir='ltr'><strong>Tunsa</strong></span> <span class='ocrx_word' id='word_1_110' title='bbox 290 1495 338 1546; x_wconf 90' lang='lat' dir='ltr'><strong>per</strong></span> <span class='ocrx_word' id='word_1_111' title='bbox 349 1477 482 1546; x_wconf 82' lang='lat' dir='ltr'><strong>integram</strong></span> <span class='ocrx_word' id='word_1_112' title='bbox 495 1477 634 1530; x_wconf 86' lang='lat' dir='ltr'><strong>solvuntur</strong></span> <span class='ocrx_word' id='word_1_113' title='bbox 646 1481 752 1530; x_wconf 80' lang='lat' dir='ltr'><strong>viscera</strong></span> <span class='ocrx_word' id='word_1_114' title='bbox 764 1477 874 1548; x_wconf 89' lang='lat' dir='ltr'><strong>pellem.</strong></span> 
     </span>
     <span class='ocr_line' id='line_1_19' title="bbox 185 1547 866 1626; baseline 0.001 -26"><span class='ocrx_word' id='word_1_115' title='bbox 185 1547 229 1600; x_wconf 82' lang='lat' dir='ltr'><strong>Sic</strong></span> <span class='ocrx_word' id='word_1_116' title='bbox 240 1548 358 1626; x_wconf 86' lang='lat' dir='ltr'><strong>positum</strong></span> <span class='ocrx_word' id='word_1_117' title='bbox 371 1547 397 1599; x_wconf 91' lang='lat' dir='ltr'><strong>in</strong></span> <span class='ocrx_word' id='word_1_118' title='bbox 409 1547 502 1600; x_wconf 87' lang='lat' dir='ltr'><strong>clauso</strong></span> <span class='ocrx_word' id='word_1_119' title='bbox 515 1547 626 1616; x_wconf 90' lang='lat' dir='ltr'><strong>liquunt,</strong></span> <span class='ocrx_word' id='word_1_120' title='bbox 639 1555 666 1599; x_wconf 91' lang='lat' dir='ltr'><strong>et</strong></span> <span class='ocrx_word' id='word_1_121' title='bbox 680 1563 771 1600; x_wconf 86' lang='lat' dir='ltr'><strong>ramea</strong></span> <span class='ocrx_word' id='word_1_122' title='bbox 783 1549 866 1602; x_wconf 87' lang='lat' dir='ltr'><strong>costis</strong></span> 
     </span>
     <span class='ocr_line' id='line_1_20' title="bbox 185 1614 950 1697; baseline 0.001 -27"><span class='ocrx_word' id='word_1_123' title='bbox 185 1614 337 1687; x_wconf 80' lang='lat' dir='ltr'><strong>Subyiciunt</strong></span> <span class='ocrx_word' id='word_1_124' title='bbox 349 1615 509 1687; x_wconf 80' lang='lat' dir='ltr'><strong>fragmenta,</strong></span> <span class='ocrx_word' id='word_1_125' title='bbox 522 1616 656 1697; x_wconf 86' lang='lat' dir='ltr'><strong>thymum,</strong></span> <span class='ocrx_word' id='word_1_126' title='bbox 669 1617 811 1687; x_wconf 85' lang='lat' dir='ltr'><strong>casiasque</strong></span> <span class='ocrx_word' id='word_1_127' title='bbox 824 1617 950 1672; x_wconf 88' lang='lat' dir='ltr'><strong>recentis.</strong></span> 
     </span>
     <span class='ocr_line' id='line_1_21' title="bbox 185 1685 1042 1759; baseline 0.001 -19"><span class='ocrx_word' id='word_1_128' title='bbox 185 1686 245 1740; x_wconf 88' lang='lat' dir='ltr'><strong>Hoc</strong></span> <span class='ocrx_word' id='word_1_129' title='bbox 254 1687 358 1756; x_wconf 86' lang='lat' dir='ltr'><strong>geritur</strong></span> <span class='ocrx_word' id='word_1_130' title='bbox 369 1685 500 1757; x_wconf 83' lang='lat' dir='ltr'><strong>Zephyris</strong></span> <span class='ocrx_word' id='word_1_131' title='bbox 517 1703 634 1756; x_wconf 90' lang='lat' dir='ltr'><strong>prrmum</strong></span> <span class='ocrx_word' id='word_1_132' title='bbox 648 1687 849 1756; x_wconf 80' lang='lat' dir='ltr'><strong>impellentibus</strong></span> <span class='ocrx_word' id='word_1_133' title='bbox 861 1688 955 1759; x_wconf 87' lang='lat' dir='ltr'><strong>undas,</strong></span> <span class='ocrx_word' id='word_1_134' title='bbox 992 1691 1042 1741; x_wconf 81' lang='grc'><strong>305</strong></span> 
     </span>
     <span class='ocr_line' id='line_1_22' title="bbox 186 1756 885 1827; baseline 0.003 -18"><span class='ocrx_word' id='word_1_135' title='bbox 186 1760 258 1810; x_wconf 86' lang='lat' dir='ltr'><strong>Ante</strong></span> <span class='ocrx_word' id='word_1_136' title='bbox 270 1757 348 1810; x_wconf 86' lang='lat' dir='ltr'><strong>novis</strong></span> <span class='ocrx_word' id='word_1_137' title='bbox 359 1756 473 1810; x_wconf 87' lang='lat' dir='ltr'><strong>rubeant</strong></span> <span class='ocrx_word' id='word_1_138' title='bbox 485 1773 568 1826; x_wconf 88' lang='lat' dir='ltr'><strong>quam</strong></span> <span class='ocrx_word' id='word_1_139' title='bbox 580 1764 657 1827; x_wconf 87' lang='lat' dir='ltr'><strong>prata</strong></span> <span class='ocrx_word' id='word_1_140' title='bbox 668 1756 808 1827; x_wconf 73' lang='lat' dir='ltr'><strong>coloribus5</strong></span> <span class='ocrx_word' id='word_1_141' title='bbox 822 1767 885 1811; x_wconf 88' lang='lat' dir='ltr'><strong>ante</strong></span> 
     </span>
     <span class='ocr_line' id='line_1_23' title="bbox 186 1825 890 1897; baseline -0.001 -17"><span class='ocrx_word' id='word_1_142' title='bbox 186 1827 300 1880; x_wconf 88' lang='lat' dir='ltr'><strong>Garrula</strong></span> <span class='ocrx_word' id='word_1_143' title='bbox 313 1844 394 1897; x_wconf 91' lang='lat' dir='ltr'><strong>quam</strong></span> <span class='ocrx_word' id='word_1_144' title='bbox 407 1826 489 1895; x_wconf 85' lang='lat' dir='ltr'><strong>tignis</strong></span> <span class='ocrx_word' id='word_1_145' title='bbox 500 1825 596 1880; x_wconf 89' lang='lat' dir='ltr'><strong>nidum</strong></span> <span class='ocrx_word' id='word_1_146' title='bbox 607 1827 755 1896; x_wconf 83' lang='lat' dir='ltr'><strong>suspendat</strong></span> <span class='ocrx_word' id='word_1_147' title='bbox 767 1826 890 1881; x_wconf 87' lang='lat' dir='ltr'><strong>hirundo.</strong></span> 
     </span>
     <span class='ocr_line' id='line_1_24' title="bbox 185 1895 835 1951; baseline 0 -1"><span class='ocrx_word' id='word_1_148' title='bbox 185 1897 293 1950; x_wconf 82' lang='lat' dir='ltr'><strong>Interea</strong></span> <span class='ocrx_word' id='word_1_149' title='bbox 306 1897 405 1949; x_wconf 84' lang='lat' dir='ltr'><strong>teneris</strong></span> <span class='ocrx_word' id='word_1_150' title='bbox 417 1908 443 1951; x_wconf 89' lang='lat' dir='ltr'><strong>te</strong></span> <span class='ocrx_word' id='word_1_151' title='bbox 463 1895 570 1949; x_wconf 87' lang='lat' dir='ltr'><strong>efactus</strong></span> <span class='ocrx_word' id='word_1_152' title='bbox 582 1897 608 1949; x_wconf 89' lang='lat' dir='ltr'><strong>in</strong></span> <span class='ocrx_word' id='word_1_153' title='bbox 620 1896 726 1949; x_wconf 86' lang='lat' dir='ltr'><strong>ossibus</strong></span> <span class='ocrx_word' id='word_1_154' title='bbox 738 1896 835 1950; x_wconf 91' lang='lat' dir='ltr'><strong>humor</strong></span> 
     </span>
     <span class='ocr_line' id='line_1_25' title="bbox 186 1913 810 2037; baseline -0.002 -17"><span class='ocrx_word' id='word_1_155' title='bbox 186 1968 309 2037; x_wconf 86' lang='lat' dir='ltr'><strong>Aestuat,</strong></span> <span class='ocrx_word' id='word_1_156' title='bbox 323 1974 350 2019; x_wconf 89' lang='lat' dir='ltr'><strong>et</strong></span> <span class='ocrx_word' id='word_1_157' title='bbox 362 1913 477 2020; x_wconf 72' lang='lat' dir='ltr'><strong>visanis</strong></span> <span class='ocrx_word' id='word_1_158' title='bbox 489 1966 577 2018; x_wconf 85' lang='lat' dir='ltr'><strong>modis</strong></span> <span class='ocrx_word' id='word_1_159' title='bbox 588 1966 716 2019; x_wconf 86' lang='lat' dir='ltr'><strong>animalia</strong></span> <span class='ocrx_word' id='word_1_160' title='bbox 728 1967 810 2036; x_wconf 86' lang='lat' dir='ltr'><strong>miris,</strong></span> 
     </span>
     <span class='ocr_line' id='line_1_26' title="bbox 186 2035 1044 2107; baseline 0 -18"><span class='ocrx_word' id='word_1_161' title='bbox 186 2037 296 2090; x_wconf 86' lang='lat' dir='ltr'><strong>Trunca</strong></span> <span class='ocrx_word' id='word_1_162' title='bbox 308 2035 410 2106; x_wconf 90' lang='lat' dir='ltr'><strong>pedum</strong></span> <span class='ocrx_word' id='word_1_163' title='bbox 425 2036 519 2106; x_wconf 88' lang='lat' dir='ltr'><strong>primo,</strong></span> <span class='ocrx_word' id='word_1_164' title='bbox 532 2053 597 2089; x_wconf 83' lang='lat' dir='ltr'><strong>mox</strong></span> <span class='ocrx_word' id='word_1_165' title='bbox 608 2044 636 2088; x_wconf 90' lang='lat' dir='ltr'><strong>et</strong></span> <span class='ocrx_word' id='word_1_166' title='bbox 648 2035 787 2089; x_wconf 87' lang='lat' dir='ltr'><strong>stridentia</strong></span> <span class='ocrx_word' id='word_1_167' title='bbox 798 2035 903 2107; x_wconf 86' lang='lat' dir='ltr'><strong>pennis,</strong></span> <span class='ocrx_word' id='word_1_168' title='bbox 992 2039 1044 2089; x_wconf 84' lang='grc'><strong>310</strong></span> 
     </span>
     <span class='ocr_line' id='line_1_27' title="bbox 185 2105 930 2185; baseline -0.001 -25"><span class='ocrx_word' id='word_1_169' title='bbox 185 2106 346 2178; x_wconf 78' lang='lat' dir='ltr'><strong>Miscentur,</strong></span> <span class='ocrx_word' id='word_1_170' title='bbox 360 2115 525 2175; x_wconf 85' lang='lat' dir='ltr'><strong>tenuemque</strong></span> <span class='ocrx_word' id='word_1_171' title='bbox 537 2105 625 2185; x_wconf 63' lang='lat' dir='ltr'><strong>nptgis</strong></span> <span class='ocrx_word' id='word_1_172' title='bbox 637 2106 724 2174; x_wconf 84' lang='lat' dir='ltr'><strong>magis</strong></span> <span class='ocrx_word' id='word_1_173' title='bbox 736 2109 799 2159; x_wconf 73' lang='lat' dir='ltr'><strong>abra</strong></span> <span class='ocrx_word' id='word_1_174' title='bbox 811 2114 930 2179; x_wconf 85' lang='lat' dir='ltr'><strong>carpunt,</strong></span> 
     </span>
     <span class='ocr_line' id='line_1_28' title="bbox 186 2175 809 2247; baseline -0.003 -17"><span class='ocrx_word' id='word_1_175' title='bbox 186 2176 288 2246; x_wconf 89' lang='lat' dir='ltr'><strong>Donec,</strong></span> <span class='ocrx_word' id='word_1_176' title='bbox 301 2185 331 2230; x_wconf 92' lang='lat' dir='ltr'><strong>ut</strong></span> <span class='ocrx_word' id='word_1_177' title='bbox 343 2176 456 2229; x_wconf 80' lang='lat' dir='ltr'><strong>aestivis</strong></span> <span class='ocrx_word' id='word_1_178' title='bbox 467 2175 573 2229; x_wconf 85' lang='lat' dir='ltr'><strong>effusus</strong></span> <span class='ocrx_word' id='word_1_179' title='bbox 585 2175 703 2230; x_wconf 91' lang='lat' dir='ltr'><strong>nubibus</strong></span> <span class='ocrx_word' id='word_1_180' title='bbox 715 2175 809 2247; x_wconf 84' lang='lat' dir='ltr'><strong>imber,</strong></span> 
     </span>
     <span class='ocr_line' id='line_1_29' title="bbox 186 2245 804 2318; baseline -0.003 -18"><span class='ocrx_word' id='word_1_181' title='bbox 186 2245 317 2318; x_wconf 85' lang='lat' dir='ltr'><strong>Erupere,</strong></span> <span class='ocrx_word' id='word_1_182' title='bbox 331 2254 378 2299; x_wconf 87' lang='lat' dir='ltr'><strong>aut</strong></span> <span class='ocrx_word' id='word_1_183' title='bbox 391 2255 427 2314; x_wconf 84' lang='lat' dir='ltr'><strong>ut,</strong></span> <span class='ocrx_word' id='word_1_184' title='bbox 442 2262 523 2299; x_wconf 85' lang='lat' dir='ltr'><strong>nervo</strong></span> <span class='ocrx_word' id='word_1_185' title='bbox 536 2245 667 2316; x_wconf 84' lang='lat' dir='ltr'><strong>pulsante,</strong></span> <span class='ocrx_word' id='word_1_186' title='bbox 681 2247 804 2316; x_wconf 78' lang='lat' dir='ltr'><strong>sagittae,</strong></span> 
     </span>
     <span class='ocr_line' id='line_1_30' title="bbox 185 2315 851 2386; baseline -0.002 -16"><span class='ocrx_word' id='word_1_187' title='bbox 185 2316 279 2370; x_wconf 87' lang='lat' dir='ltr'><strong>Prima</strong></span> <span class='ocrx_word' id='word_1_188' title='bbox 291 2316 367 2370; x_wconf 85' lang='lat' dir='ltr'><strong>leves</strong></span> <span class='ocrx_word' id='word_1_189' title='bbox 378 2316 471 2369; x_wconf 88' lang='lat' dir='ltr'><strong>ineunt</strong></span> <span class='ocrx_word' id='word_1_190' title='bbox 485 2316 507 2368; x_wconf 90' lang='lat' dir='ltr'><strong>si</strong></span> <span class='ocrx_word' id='word_1_191' title='bbox 520 2315 628 2385; x_wconf 87' lang='lat' dir='ltr'><strong>quando</strong></span> <span class='ocrx_word' id='word_1_192' title='bbox 639 2316 740 2386; x_wconf 90' lang='lat' dir='ltr'><strong>proelia</strong></span> <span class='ocrx_word' id='word_1_193' title='bbox 751 2315 851 2369; x_wconf 82' lang='lat' dir='ltr'><strong>Parthi.</strong></span> 
     </span>
     <span class='ocr_line' id='line_1_31' title="bbox 221 2385 1045 2455; baseline 0.001 -17"><span class='ocrx_word' id='word_1_194' title='bbox 221 2385 288 2445; x_wconf 84' lang='lat' dir='ltr'><strong>Quis</strong></span> <span class='ocrx_word' id='word_1_195' title='bbox 297 2385 457 2454; x_wconf 90' lang='lat' dir='ltr'><strong>Deusbanc,</strong></span> <span class='ocrx_word' id='word_1_196' title='bbox 468 2386 574 2454; x_wconf 88' lang='lat' dir='ltr'><strong>Musae,</strong></span> <span class='ocrx_word' id='word_1_197' title='bbox 584 2385 645 2455; x_wconf 86' lang='lat' dir='ltr'><strong>quis</strong></span> <span class='ocrx_word' id='word_1_198' title='bbox 654 2385 957 2439; x_wconf 82' lang='lat' dir='ltr'><strong>nobisextuditartem‘l</strong></span> <span class='ocrx_word' id='word_1_199' title='bbox 993 2389 1045 2439; x_wconf 79' lang='lat'><strong>315</strong></span> 
     </span>
     <span class='ocr_line' id='line_1_32' title="bbox 184 2453 932 2527; baseline 0 -18"><span class='ocrx_word' id='word_1_200' title='bbox 184 2453 266 2510; x_wconf 87' lang='lat' dir='ltr'><strong>Unde</strong></span> <span class='ocrx_word' id='word_1_201' title='bbox 279 2473 348 2509; x_wconf 83' lang='lat' dir='ltr'><strong>nova</strong></span> <span class='ocrx_word' id='word_1_202' title='bbox 360 2457 497 2525; x_wconf 84' lang='lat' dir='ltr'><strong>ingressus</strong></span> <span class='ocrx_word' id='word_1_203' title='bbox 509 2454 650 2508; x_wconf 90' lang='lat' dir='ltr'><strong>hominum</strong></span> <span class='ocrx_word' id='word_1_204' title='bbox 662 2455 828 2525; x_wconf 85' lang='lat' dir='ltr'><strong>experientia</strong></span> <span class='ocrx_word' id='word_1_205' title='bbox 839 2455 932 2527; x_wconf 76' lang='lat' dir='ltr'><strong>cepitl</strong></span> 
     </span>
     <span class='ocr_line' id='line_1_33' title="bbox 221 2524 825 2596; baseline 0 -18"><span class='ocrx_word' id='word_1_206' title='bbox 221 2526 315 2578; x_wconf 88' lang='lat' dir='ltr'><strong>Pastor</strong></span> <span class='ocrx_word' id='word_1_207' title='bbox 327 2526 467 2579; x_wconf 84' lang='lat' dir='ltr'><strong>Aristaeus</strong></span> <span class='ocrx_word' id='word_1_208' title='bbox 479 2524 587 2594; x_wconf 85' lang='lat' dir='ltr'><strong>fugiens</strong></span> <span class='ocrx_word' id='word_1_209' title='bbox 599 2525 701 2578; x_wconf 87' lang='lat' dir='ltr'><strong>Peneia</strong></span> <span class='ocrx_word' id='word_1_210' title='bbox 712 2525 825 2596; x_wconf 86' lang='lat' dir='ltr'><strong>Tempe,</strong></span> 
     </span>
     <span class='ocr_line' id='line_1_34' title="bbox 185 2594 868 2665; baseline 0 -17"><span class='ocrx_word' id='word_1_211' title='bbox 185 2596 311 2665; x_wconf 74' lang='lat' dir='ltr'><strong>Amissis,</strong></span> <span class='ocrx_word' id='word_1_212' title='bbox 324 2605 354 2649; x_wconf 89' lang='lat' dir='ltr'><strong>ut</strong></span> <span class='ocrx_word' id='word_1_213' title='bbox 367 2594 448 2665; x_wconf 84' lang='lat' dir='ltr'><strong>sama,</strong></span> <span class='ocrx_word' id='word_1_214' title='bbox 461 2595 560 2665; x_wconf 83' lang='lat' dir='ltr'><strong>apibus</strong></span> <span class='ocrx_word' id='word_1_215' title='bbox 571 2595 718 2665; x_wconf 88' lang='lat' dir='ltr'><strong>morboque</strong></span> <span class='ocrx_word' id='word_1_216' title='bbox 731 2594 868 2665; x_wconf 89' lang='lat' dir='ltr'><strong>fameque,</strong></span> 
     </span>
     <span class='ocr_line' id='line_1_35' title="bbox 185 2664 896 2735; baseline 0.003 -19"><span class='ocrx_word' id='word_1_217' title='bbox 185 2665 282 2719; x_wconf 87' lang='lat' dir='ltr'><strong>Tristis</strong></span> <span class='ocrx_word' id='word_1_218' title='bbox 293 2665 328 2718; x_wconf 89' lang='lat' dir='ltr'><strong>ad</strong></span> <span class='ocrx_word' id='word_1_219' title='bbox 341 2665 455 2718; x_wconf 83' lang='lat' dir='ltr'><strong>extremi</strong></span> <span class='ocrx_word' id='word_1_220' title='bbox 469 2682 577 2718; x_wconf 88' lang='lat' dir='ltr'><strong>sacrum</strong></span> <span class='ocrx_word' id='word_1_221' title='bbox 589 2675 671 2734; x_wconf 91' lang='lat' dir='ltr'><strong>caput</strong></span> <span class='ocrx_word' id='word_1_222' title='bbox 682 2664 786 2719; x_wconf 84' lang='lat' dir='ltr'><strong>adstitit</strong></span> <span class='ocrx_word' id='word_1_223' title='bbox 798 2665 896 2735; x_wconf 83' lang='lat' dir='ltr'><strong>amuis,</strong></span> 
     </span>
     <span class='ocr_line' id='line_1_36' title="bbox 185 2735 1046 2805; baseline -0.002 -17"><span class='ocrx_word' id='word_1_224' title='bbox 185 2735 277 2788; x_wconf 89' lang='lat' dir='ltr'><strong>Multa</strong></span> <span class='ocrx_word' id='word_1_225' title='bbox 288 2752 413 2805; x_wconf 88' lang='lat' dir='ltr'><strong>querens,</strong></span> <span class='ocrx_word' id='word_1_226' title='bbox 426 2745 508 2804; x_wconf 88' lang='lat' dir='ltr'><strong>atque</strong></span> <span class='ocrx_word' id='word_1_227' title='bbox 522 2735 572 2788; x_wconf 90' lang='lat' dir='ltr'><strong>hac</strong></span> <span class='ocrx_word' id='word_1_228' title='bbox 584 2735 685 2788; x_wconf 86' lang='lat' dir='ltr'><strong>affatus</strong></span> <span class='ocrx_word' id='word_1_229' title='bbox 696 2751 763 2788; x_wconf 85' lang='lat' dir='ltr'><strong>voce</strong></span> <span class='ocrx_word' id='word_1_230' title='bbox 776 2744 933 2804; x_wconf 90' lang='lat' dir='ltr'><strong>parentem:</strong></span> <span class='ocrx_word' id='word_1_231' title='bbox 993 2737 1046 2786; x_wconf 81' lang='lat'><strong>320</strong></span> 
     </span>
     <span class='ocr_line' id='line_1_37' title="bbox 187 2804 830 2875; baseline 0.002 -18"><span class='ocrx_word' id='word_1_232' title='bbox 187 2804 302 2874; x_wconf 68' lang='lat' dir='ltr'><strong>‘Mateq</strong></span> <span class='ocrx_word' id='word_1_233' title='bbox 316 2806 421 2875; x_wconf 89' lang='lat' dir='ltr'><strong>Cyrene</strong></span> <span class='ocrx_word' id='word_1_234' title='bbox 434 2812 528 2874; x_wconf 87' lang='lat' dir='ltr'><strong>mater,</strong></span> <span class='ocrx_word' id='word_1_235' title='bbox 541 2821 612 2873; x_wconf 87' lang='lat' dir='ltr'><strong>quae</strong></span> <span class='ocrx_word' id='word_1_236' title='bbox 624 2804 736 2874; x_wconf 81' lang='lat' dir='ltr'><strong>gurgitis</strong></span> <span class='ocrx_word' id='word_1_237' title='bbox 748 2804 830 2874; x_wconf 87' lang='lat' dir='ltr'><strong>hujus</strong></span> 
     </span>
     <span class='ocr_line' id='line_1_38' title="bbox 186 2873 882 2945; baseline 0.001 -18"><span class='ocrx_word' id='word_1_238' title='bbox 186 2873 246 2929; x_wconf 86' lang='lat' dir='ltr'><strong>Ima</strong></span> <span class='ocrx_word' id='word_1_239' title='bbox 258 2882 342 2944; x_wconf 87' lang='lat' dir='ltr'><strong>tenes,</strong></span> <span class='ocrx_word' id='word_1_240' title='bbox 355 2874 418 2944; x_wconf 90' lang='lat' dir='ltr'><strong>quid</strong></span> <span class='ocrx_word' id='word_1_241' title='bbox 432 2891 478 2927; x_wconf 87' lang='lat' dir='ltr'><strong>me</strong></span> <span class='ocrx_word' id='word_1_242' title='bbox 490 2874 628 2945; x_wconf 87' lang='lat' dir='ltr'><strong>praeclara</strong></span> <span class='ocrx_word' id='word_1_243' title='bbox 639 2877 721 2944; x_wconf 85' lang='lat' dir='ltr'><strong>stirpe</strong></span> <span class='ocrx_word' id='word_1_244' title='bbox 734 2874 882 2928; x_wconf 57' lang='lat' dir='ltr'><strong>deorum*-</strong></span> 
     </span>
    </p>
   </div>
   <div class='ocr_carea' id='block_1_3' title="bbox 17 3004 1117 3596">
    <p class='ocr_par' dir='ltr' id='par_1_3' title="bbox 17 3004 1117 3596">
     <span class='ocr_line' id='line_1_39' title="bbox 141 3004 1044 3082; baseline -0.001 -11"><span class='ocrx_word' id='word_1_245' title='bbox 141 3024 261 3071; x_wconf 77' lang='lat'>295-314.</span> <span class='ocrx_word' id='word_1_246' title='bbox 278 3004 343 3070; x_wconf 84' lang='lat' dir='ltr'><strong>This</strong></span> <span class='ocrx_word' id='word_1_247' title='bbox 354 3020 456 3070; x_wconf 90' lang='lat' dir='ltr'><strong>method</strong></span> <span class='ocrx_word' id='word_1_248' title='bbox 466 3020 603 3070; x_wconf 85' lang='lat' dir='ltr'><strong>described.</strong></span> <span class='ocrx_word' id='word_1_249' title='bbox 611 3050 643 3060; x_wconf 94' lang='lat'>—</span> <span class='ocrx_word' id='word_1_250' title='bbox 650 3024 767 3070; x_wconf 81' lang='lat'><strong>315-558.</strong></span> <span class='ocrx_word' id='word_1_251' title='bbox 779 3020 835 3069; x_wconf 87' lang='lat' dir='ltr'><strong>The</strong></span> <span class='ocrx_word' id='word_1_252' title='bbox 846 3020 926 3082; x_wconf 85' lang='lat' dir='ltr'><strong>origin</strong></span> <span class='ocrx_word' id='word_1_253' title='bbox 936 3021 965 3070; x_wconf 82' lang='lat' dir='ltr'><strong>of</strong></span> <span class='ocrx_word' id='word_1_254' title='bbox 972 3022 990 3069; x_wconf 92' lang='lat' dir='ltr'><strong>it</strong></span> <span class='ocrx_word' id='word_1_255' title='bbox 1003 3021 1044 3070; x_wconf 87' lang='lat' dir='ltr'><strong>de·</strong></span> 
     </span>
     <span class='ocr_line' id='line_1_40' title="bbox 17 3080 1045 3142; baseline -0.005 -7"><span class='ocrx_word' id='word_1_256' title='bbox 17 3130 18 3135; x_wconf 75' lang='grc'>,</span> <span class='ocrx_word' id='word_1_257' title='bbox 108 3081 198 3131; x_wconf 83' lang='lat' dir='ltr'><strong>tailed.</strong></span> <span class='ocrx_word' id='word_1_258' title='bbox 206 3110 239 3121; x_wconf 93' lang='lat'><em>-</em></span> <span class='ocrx_word' id='word_1_259' title='bbox 247 3084 300 3131; x_wconf 83' lang='lat'><strong>317.</strong></span> <span class='ocrx_word' id='word_1_260' title='bbox 311 3080 452 3138; x_wconf 78' lang='lat' dir='ltr'><strong>Aristaeus,</strong></span> <span class='ocrx_word' id='word_1_261' title='bbox 465 3080 555 3129; x_wconf 87' lang='lat' dir='ltr'><strong>arural</strong></span> <span class='ocrx_word' id='word_1_262' title='bbox 565 3080 622 3142; x_wconf 85' lang='lat' dir='ltr'><strong>god,</strong></span> <span class='ocrx_word' id='word_1_263' title='bbox 633 3080 789 3140; x_wconf 83' lang='lat' dir='ltr'><strong>worshipped</strong></span> <span class='ocrx_word' id='word_1_264' title='bbox 800 3081 826 3129; x_wconf 87' lang='lat' dir='ltr'><strong>iu</strong></span> <span class='ocrx_word' id='word_1_265' title='bbox 836 3080 952 3139; x_wconf 83' lang='lat' dir='ltr'><strong>Arcadia,</strong></span> <span class='ocrx_word' id='word_1_266' title='bbox 963 3081 1045 3130; x_wconf 87' lang='lat' dir='ltr'><strong>Thes·</strong></span> 
     </span>
     <span class='ocr_line' id='line_1_41' title="bbox 108 3139 1044 3203; baseline -0.002 -11"><span class='ocrx_word' id='word_1_267' title='bbox 108 3142 179 3203; x_wconf 75' lang='lat' dir='ltr'><strong>nly,</strong></span> <span class='ocrx_word' id='word_1_268' title='bbox 193 3139 242 3189; x_wconf 84' lang='lat' dir='ltr'><strong>and</strong></span> <span class='ocrx_word' id='word_1_269' title='bbox 252 3139 365 3196; x_wconf 87' lang='lat' dir='ltr'><strong>Boeotia,</strong></span> <span class='ocrx_word' id='word_1_270' title='bbox 378 3157 431 3189; x_wconf 85' lang='lat' dir='ltr'><strong>was</strong></span> <span class='ocrx_word' id='word_1_271' title='bbox 447 3140 489 3189; x_wconf 90' lang='lat' dir='ltr'><strong>the</strong></span> <span class='ocrx_word' id='word_1_272' title='bbox 505 3155 552 3188; x_wconf 88' lang='lat' dir='ltr'><strong>son</strong></span> <span class='ocrx_word' id='word_1_273' title='bbox 562 3140 591 3188; x_wconf 87' lang='lat' dir='ltr'><strong>ol&#39;</strong></span> <span class='ocrx_word' id='word_1_274' title='bbox 603 3140 695 3200; x_wconf 88' lang='lat' dir='ltr'><strong>Apollo</strong></span> <span class='ocrx_word' id='word_1_275' title='bbox 711 3140 759 3189; x_wconf 88' lang='lat' dir='ltr'><strong>and</strong></span> <span class='ocrx_word' id='word_1_276' title='bbox 775 3139 882 3200; x_wconf 86' lang='lat' dir='ltr'><strong>Cyrene.</strong></span> <span class='ocrx_word' id='word_1_277' title='bbox 913 3140 1024 3203; x_wconf 76' lang='lat' dir='ltr'><strong>Fugiens</strong></span> <span class='ocrx_word' id='word_1_278' title='bbox 1032 3155 1044 3198; x_wconf 72' lang='lat'><strong>,⁹</strong></span> 
     </span>
     <span class='ocr_line' id='line_1_42' title="bbox 109 3198 1117 3261; baseline -0.003 -10"><span class='ocrx_word' id='word_1_279' title='bbox 109 3201 144 3251; x_wconf 85' lang='lat' dir='ltr'><strong>lre</strong></span> <span class='ocrx_word' id='word_1_280' title='bbox 156 3200 208 3250; x_wconf 82' lang='lat' dir='ltr'><strong>ssed</strong></span> <span class='ocrx_word' id='word_1_281' title='bbox 224 3199 288 3248; x_wconf 82' lang='lat' dir='ltr'><strong>from</strong></span> <span class='ocrx_word' id='word_1_282' title='bbox 300 3200 407 3260; x_wconf 83' lang='lat' dir='ltr'><strong>Tempe,</strong></span> <span class='ocrx_word' id='word_1_283' title='bbox 420 3210 445 3248; x_wconf 83' lang='lat' dir='ltr'><strong>at</strong></span> <span class='ocrx_word' id='word_1_284' title='bbox 462 3200 505 3248; x_wconf 88' lang='lat' dir='ltr'><strong>the</strong></span> <span class='ocrx_word' id='word_1_285' title='bbox 521 3200 608 3249; x_wconf 89' lang='lat' dir='ltr'><strong>mouth</strong></span> <span class='ocrx_word' id='word_1_286' title='bbox 619 3199 648 3248; x_wconf 80' lang='lat' dir='ltr'><strong>ol</strong></span> <span class='ocrx_word' id='word_1_287' title='bbox 658 3200 702 3248; x_wconf 78' lang='lat' dir='ltr'><strong>the</strong></span> <span class='ocrx_word' id='word_1_288' title='bbox 713 3200 785 3256; x_wconf 84' lang='lat' dir='ltr'><strong>river,</strong></span> <span class='ocrx_word' id='word_1_289' title='bbox 798 3199 882 3248; x_wconf 83' lang='lat' dir='ltr'><strong>where</strong></span> <span class='ocrx_word' id='word_1_290' title='bbox 898 3198 930 3249; x_wconf 93' lang='lat' dir='ltr'><strong>he</strong></span> <span class='ocrx_word' id='word_1_291' title='bbox 948 3200 1048 3261; x_wconf 84' lang='lat' dir='ltr'><strong>usually</strong></span> <span class='ocrx_word' id='word_1_292' title='bbox 1110 3208 1117 3215; x_wconf 84' lang='lat'><strong><em>‘</em></strong></span> 
     </span>
     <span class='ocr_line' id='line_1_43' title="bbox 109 3258 1047 3328; baseline -0.004 -17"><span class='ocrx_word' id='word_1_293' title='bbox 109 3260 201 3317; x_wconf 82' lang='lat' dir='ltr'><strong>drrelt,</strong></span> <span class='ocrx_word' id='word_1_294' title='bbox 212 3259 260 3308; x_wconf 89' lang='lat' dir='ltr'><strong>and</strong></span> <span class='ocrx_word' id='word_1_295' title='bbox 277 3260 369 3320; x_wconf 83' lang='lat' dir='ltr'><strong>sought</strong></span> <span class='ocrx_word' id='word_1_296' title='bbox 387 3260 429 3307; x_wconf 92' lang='lat' dir='ltr'><strong>the</strong></span> <span class='ocrx_word' id='word_1_297' title='bbox 446 3275 541 3308; x_wconf 87' lang='lat' dir='ltr'><strong>source.</strong></span> <span class='ocrx_word' id='word_1_298' title='bbox 576 3258 667 3322; x_wconf 84' lang='lat' dir='ltr'><strong>Tempe,</strong></span> <span class='ocrx_word' id='word_1_299' title='bbox 681 3276 696 3307; x_wconf 84' lang='lat' dir='ltr'><strong>a</strong></span> <span class='ocrx_word' id='word_1_300' title='bbox 706 3259 788 3319; x_wconf 87' lang='lat' dir='ltr'><strong>valley</strong></span> <span class='ocrx_word' id='word_1_301' title='bbox 805 3259 945 3308; x_wconf 86' lang='lat' dir='ltr'><strong>celebrated</strong></span> <span class='ocrx_word' id='word_1_302' title='bbox 961 3259 998 3309; x_wconf 88' lang='lat' dir='ltr'><strong>sor</strong></span> <span class='ocrx_word' id='word_1_303' title='bbox 1009 3259 1047 3328; x_wconf 41' lang='lat' dir='ltr'><strong>&#39;its</strong></span> 
     </span>
     <span class='ocr_line' id='line_1_44' title="bbox 111 3319 1047 3435; baseline -0.005 -7"><span class='ocrx_word' id='word_1_304' title='bbox 111 3319 1047 3435; x_wconf 55' lang='lat' dir='ltr'><strong>tttfflutrlttttlttttl&#39;tlltttltttruttltt‘ttttt&#39;t</strong></span> 
     </span>
     <span class='ocr_line' id='line_1_45' title="bbox 110 3393 1045 3505; baseline -0.011 -16"><span class='ocrx_word' id='word_1_305' title='bbox 110 3395 178 3489; x_wconf 65' lang='lat' dir='ltr'><strong>tnui.</strong></span> <span class='ocrx_word' id='word_1_306' title='bbox 195 3394 260 3487; x_wconf 55' lang='lat' dir='ltr'><strong>¹&#39;See</strong></span> <span class='ocrx_word' id='word_1_307' title='bbox 283 3453 334 3487; x_wconf 86' lang='lat' dir='ltr'><strong>ver.</strong></span> <span class='ocrx_word' id='word_1_308' title='bbox 353 3415 407 3487; x_wconf 78' lang='lat'><strong>36&#39;6.</strong></span> <span class='ocrx_word' id='word_1_309' title='bbox 438 3394 547 3495; x_wconf 68' lang='lat' dir='ltr'><strong>Arcuit,y</strong></span> <span class='ocrx_word' id='word_1_310' title='bbox 555 3438 598 3489; x_wconf 89' lang='lat' dir='ltr'><strong>the</strong></span> <span class='ocrx_word' id='word_1_311' title='bbox 620 3437 727 3487; x_wconf 86' lang='lat' dir='ltr'><strong>Peneus.</strong></span> <span class='ocrx_word' id='word_1_312' title='bbox 760 3430 807 3485; x_wconf 85' lang='lat' dir='ltr'><strong>See</strong></span> <span class='ocrx_word' id='word_1_313' title='bbox 823 3452 875 3486; x_wconf 81' lang='lat' dir='ltr'><strong>ver.</strong></span> <span class='ocrx_word' id='word_1_314' title='bbox 886 3393 1045 3505; x_wconf 43' lang='lat'><strong>3⁵⁵³&amp;</strong></span> 
     </span>
     <span class='ocr_line' id='line_1_46' title="bbox 114 3493 1006 3596; baseline -0.009 -48"><span class='ocrx_word' id='word_1_315' title='bbox 114 3499 219 3561; x_wconf 68' lang='lat' dir='ltr'><strong>Cyme</strong></span> <span class='ocrx_word' id='word_1_316' title='bbox 236 3497 374 3596; x_wconf 67' lang='lat' dir='ltr'><strong>Dapghter,</strong></span> <span class='ocrx_word' id='word_1_317' title='bbox 391 3514 420 3549; x_wconf 88' lang='lat' dir='ltr'><strong>or</strong></span> <span class='ocrx_word' id='word_1_318' title='bbox 434 3498 641 3562; x_wconf 77' lang='lat' dir='ltr'><strong>grauddsughter,</strong></span> <span class='ocrx_word' id='word_1_319' title='bbox 654 3497 683 3547; x_wconf 84' lang='lat' dir='ltr'><strong>of</strong></span> <span class='ocrx_word' id='word_1_320' title='bbox 695 3497 802 3555; x_wconf 86' lang='lat' dir='ltr'><strong>Peneus,</strong></span> <span class='ocrx_word' id='word_1_321' title='bbox 814 3496 857 3547; x_wconf 90' lang='lat' dir='ltr'><strong>the</strong></span> <span class='ocrx_word' id='word_1_322' title='bbox 872 3493 1006 3554; x_wconf 74' lang='lat' dir='ltr'><strong>river-god.</strong></span> 
     </span>
    </p>
   </div>
   <div class='ocr_carea' id='block_1_4' title="bbox 552 3578 571 3616">
    <p class='ocr_par' dir='ltr' id='par_1_4' title="bbox 552 3578 571 3616">
     <span class='ocr_line' id='line_1_47' title="bbox 552 3578 571 3616; baseline 0 0"><span class='ocrx_word' id='word_1_323' title='bbox 552 3578 571 3616; x_wconf 76' lang='lat'>1</span> 
     </span>
    </p>
   </div>
   <div class='ocr_carea' id='block_1_5' title="bbox 0 4 1164 3744">
    <p class='ocr_par' dir='ltr' id='par_1_5' title="bbox 0 4 1164 3744">
     <span class='ocr_line' id='line_1_48' title="bbox 0 4 1164 3744; baseline 0 0"><span class='ocrx_word' id='word_1_324' title='bbox 0 4 1164 3744; x_wconf 95' lang='lat' dir='ltr'><strong> </strong></span> 
     </span>
    </p>
   </div>
  </div>
 </body>
</html>
