<?xml version="1.0" encoding="UTF-8"?>
<!DOCTYPE html PUBLIC "-//W3C//DTD XHTML 1.0 Transitional//EN"
    "http://www.w3.org/TR/xhtml1/DTD/xhtml1-transitional.dtd">
<html xmlns="http://www.w3.org/1999/xhtml" xml:lang="en" lang="en">
 <head>
  <title>
</title>
<meta http-equiv="Content-Type" content="text/html;charset=utf-8" />
  <meta name='ocr-system' content='tesseract 3.04.00' />
  <meta name='ocr-capabilities' content='ocr_page ocr_carea ocr_par ocr_line ocrx_word'/>
</head>
<body>
  <div class='ocr_page' id='page_1' title='image "./carmina01virggoog_0309.png"; bbox 0 0 2282 3790; ppageno 0'>
   <div class='ocr_carea' id='block_1_1' title="bbox 472 197 633 241">
    <p class='ocr_par' dir='ltr' id='par_1_1' title="bbox 472 197 633 241">
     <span class='ocr_line' id='line_1_1' title="bbox 472 197 633 241; baseline -0.012 -2"><span class='ocrx_word' id='word_1_1' title='bbox 472 197 633 241; x_wconf 66' lang='grc' dir='ltr'><strong>ΑΙΙΕΜ.</strong></span> 
     </span>
    </p>
   </div>
   <div class='ocr_carea' id='block_1_2' title="bbox 65 314 1016 2961">
    <p class='ocr_par' dir='ltr' id='par_1_2' title="bbox 65 314 1016 2961">
     <span class='ocr_line' id='line_1_2' title="bbox 117 314 865 405; baseline 0.001 -25"><span class='ocrx_word' id='word_1_2' title='bbox 117 314 125 326; x_wconf 76' lang='grc'><strong>’</strong></span> <span class='ocrx_word' id='word_1_3' title='bbox 160 323 330 396; x_wconf 82' lang='lat' dir='ltr'>Hesperiam</span> <span class='ocrx_word' id='word_1_4' title='bbox 342 340 448 405; x_wconf 67' lang='lat' dir='ltr'>magna,</span> <span class='ocrx_word' id='word_1_5' title='bbox 461 324 486 378; x_wconf 93' lang='lat' dir='ltr'>si</span> <span class='ocrx_word' id='word_1_6' title='bbox 496 341 552 395; x_wconf 83' lang='lat' dir='ltr'>qua</span> <span class='ocrx_word' id='word_1_7' title='bbox 561 332 605 378; x_wconf 86' lang='lat' dir='ltr'>cst</span> <span class='ocrx_word' id='word_1_8' title='bbox 614 341 650 379; x_wconf 90' lang='lat' dir='ltr'>ea</span> <span class='ocrx_word' id='word_1_9' title='bbox 659 322 752 396; x_wconf 59' lang='lat' dir='ltr'>glorh,</span> <span class='ocrx_word' id='word_1_10' title='bbox 765 324 865 396; x_wconf 78' lang='lat' dir='ltr'>signat.</span> 
     </span>
     <span class='ocr_line' id='line_1_3' title="bbox 159 394 1013 465; baseline -0.004 -15"><span class='ocrx_word' id='word_1_11' title='bbox 159 397 196 451; x_wconf 87' lang='lat' dir='ltr'>At</span> <span class='ocrx_word' id='word_1_12' title='bbox 207 395 271 465; x_wconf 88' lang='lat' dir='ltr'>pius</span> <span class='ocrx_word' id='word_1_13' title='bbox 280 395 416 465; x_wconf 81' lang='lat' dir='ltr'>exsoquirs</span> <span class='ocrx_word' id='word_1_14' title='bbox 427 396 537 448; x_wconf 86' lang='lat' dir='ltr'>Aeneas</span> <span class='ocrx_word' id='word_1_15' title='bbox 547 394 597 448; x_wconf 90' lang='lat' dir='ltr'>rite</span> <span class='ocrx_word' id='word_1_16' title='bbox 608 394 711 465; x_wconf 88' lang='lat' dir='ltr'>solutis,</span> <span class='ocrx_word' id='word_1_17' title='bbox 996 403 1013 454; x_wconf 72' lang='grc' dir='ltr'>ι</span> 
     </span>
     <span class='ocr_line' id='line_1_4' title="bbox 159 463 904 534; baseline 0.005 -17"><span class='ocrx_word' id='word_1_18' title='bbox 159 467 266 534; x_wconf 77' lang='lat' dir='ltr'><strong>Aggere</strong></span> <span class='ocrx_word' id='word_1_19' title='bbox 278 465 425 534; x_wconf 89' lang='lat' dir='ltr'>composito</span> <span class='ocrx_word' id='word_1_20' title='bbox 437 463 541 533; x_wconf 86' lang='lat' dir='ltr'>tumuli,</span> <span class='ocrx_word' id='word_1_21' title='bbox 554 474 696 533; x_wconf 87' lang='lat' dir='ltr'>postquam</span> <span class='ocrx_word' id='word_1_22' title='bbox 706 463 763 518; x_wconf 87' lang='lat' dir='ltr'>alta</span> <span class='ocrx_word' id='word_1_23' title='bbox 773 463 904 533; x_wconf 87' lang='lat' dir='ltr'>quierunt</span> 
     </span>
     <span class='ocr_line' id='line_1_5' title="bbox 160 532 860 604; baseline 0.001 -17"><span class='ocrx_word' id='word_1_24' title='bbox 160 536 292 603; x_wconf 88' lang='lat' dir='ltr'>Aequora,</span> <span class='ocrx_word' id='word_1_25' title='bbox 307 533 391 587; x_wconf 89' lang='lat' dir='ltr'>tendit</span> <span class='ocrx_word' id='word_1_26' title='bbox 402 534 454 586; x_wconf 88' lang='lat' dir='ltr'>iter</span> <span class='ocrx_word' id='word_1_27' title='bbox 464 532 539 602; x_wconf 78' lang='lat' dir='ltr'>nelis,</span> <span class='ocrx_word' id='word_1_28' title='bbox 552 542 712 603; x_wconf 88' lang='lat' dir='ltr'>portumque</span> <span class='ocrx_word' id='word_1_29' title='bbox 724 532 860 604; x_wconf 80' lang='lat' dir='ltr'><strong>relinquit.</strong></span> 
     </span>
     <span class='ocr_line' id='line_1_6' title="bbox 160 603 861 673; baseline 0.001 -17"><span class='ocrx_word' id='word_1_30' title='bbox 160 603 303 673; x_wconf 70' lang='lat' dir='ltr'><strong>Adspirant</strong></span> <span class='ocrx_word' id='word_1_31' title='bbox 315 619 396 656; x_wconf 86' lang='lat' dir='ltr'>aurae</span> <span class='ocrx_word' id='word_1_32' title='bbox 409 603 436 655; x_wconf 90' lang='lat' dir='ltr'>in</span> <span class='ocrx_word' id='word_1_33' title='bbox 448 611 563 669; x_wconf 85' lang='lat' dir='ltr'>noctem,</span> <span class='ocrx_word' id='word_1_34' title='bbox 576 618 626 655; x_wconf 88' lang='lat' dir='ltr'>nec</span> <span class='ocrx_word' id='word_1_35' title='bbox 637 603 754 656; x_wconf 87' lang='lat' dir='ltr'>candida</span> <span class='ocrx_word' id='word_1_36' title='bbox 764 619 861 657; x_wconf 89' lang='lat' dir='ltr'>cursus</span> 
     </span>
     <span class='ocr_line' id='line_1_7' title="bbox 160 671 907 744; baseline 0.003 -18"><span class='ocrx_word' id='word_1_37' title='bbox 160 672 237 726; x_wconf 89' lang='lat' dir='ltr'>Luna</span> <span class='ocrx_word' id='word_1_38' title='bbox 249 682 345 742; x_wconf 75' lang='lat' dir='ltr'>negat,</span> <span class='ocrx_word' id='word_1_39' title='bbox 363 671 486 741; x_wconf 81' lang='lat' dir='ltr'>splendet</span> <span class='ocrx_word' id='word_1_40' title='bbox 497 672 610 725; x_wconf 90' lang='lat' dir='ltr'>tremulo</span> <span class='ocrx_word' id='word_1_41' title='bbox 622 671 674 725; x_wconf 90' lang='lat' dir='ltr'>snb</span> <span class='ocrx_word' id='word_1_42' title='bbox 685 672 788 727; x_wconf 87' lang='lat' dir='ltr'>lumine</span> <span class='ocrx_word' id='word_1_43' title='bbox 798 679 907 744; x_wconf 88' lang='lat' dir='ltr'>pontus.</span> 
     </span>
     <span class='ocr_line' id='line_1_8' title="bbox 160 740 755 813; baseline -0.002 -18"><span class='ocrx_word' id='word_1_44' title='bbox 160 741 286 795; x_wconf 80' lang='lat' dir='ltr'>Proxima</span> <span class='ocrx_word' id='word_1_45' title='bbox 297 742 423 795; x_wconf 72' lang='lat' dir='ltr'>Circaeae</span> <span class='ocrx_word' id='word_1_46' title='bbox 435 740 561 794; x_wconf 85' lang='lat' dir='ltr'>raduntur</span> <span class='ocrx_word' id='word_1_47' title='bbox 572 741 648 795; x_wconf 86' lang='lat' dir='ltr'>litora</span> <span class='ocrx_word' id='word_1_48' title='bbox 661 749 755 813; x_wconf 87' lang='lat' dir='ltr'>terrae,</span> 
     </span>
     <span class='ocr_line' id='line_1_9' title="bbox 161 809 699 865; baseline -0.002 0"><span class='ocrx_word' id='word_1_49' title='bbox 161 811 245 865; x_wconf 84' lang='lat' dir='ltr'>Dives</span> <span class='ocrx_word' id='word_1_50' title='bbox 256 812 407 864; x_wconf 88' lang='lat' dir='ltr'>inaccessos</span> <span class='ocrx_word' id='word_1_51' title='bbox 418 810 465 863; x_wconf 89' lang='lat' dir='ltr'>ubi</span> <span class='ocrx_word' id='word_1_52' title='bbox 478 809 546 863; x_wconf 88' lang='lat' dir='ltr'>Solis</span> <span class='ocrx_word' id='word_1_53' title='bbox 557 810 613 863; x_wconf 89' lang='lat' dir='ltr'>filia</span> <span class='ocrx_word' id='word_1_54' title='bbox 624 810 699 864; x_wconf 89' lang='lat' dir='ltr'>lucos</span> 
     </span>
     <span class='ocr_line' id='line_1_10' title="bbox 161 879 784 949; baseline 0 -16"><span class='ocrx_word' id='word_1_55' title='bbox 161 879 283 933; x_wconf 86' lang='lat' dir='ltr'>Adsiduo</span> <span class='ocrx_word' id='word_1_56' title='bbox 295 888 401 932; x_wconf 86' lang='lat' dir='ltr'>resonat</span> <span class='ocrx_word' id='word_1_57' title='bbox 412 888 502 947; x_wconf 90' lang='lat' dir='ltr'>cantu,</span> <span class='ocrx_word' id='word_1_58' title='bbox 516 880 647 948; x_wconf 89' lang='lat' dir='ltr'>tectisque</span> <span class='ocrx_word' id='word_1_59' title='bbox 660 879 784 949; x_wconf 87' lang='lat' dir='ltr'>superbis</span> 
     </span>
     <span class='ocr_line' id='line_1_11' title="bbox 160 948 790 1020; baseline 0 -17"><span class='ocrx_word' id='word_1_60' title='bbox 160 948 218 1003; x_wconf 85' lang='lat' dir='ltr'>Urit</span> <span class='ocrx_word' id='word_1_61' title='bbox 229 949 367 1002; x_wconf 89' lang='lat' dir='ltr'>odoratam</span> <span class='ocrx_word' id='word_1_62' title='bbox 379 958 508 1001; x_wconf 88' lang='lat' dir='ltr'>noctuma</span> <span class='ocrx_word' id='word_1_63' title='bbox 518 949 545 1001; x_wconf 92' lang='lat' dir='ltr'>in</span> <span class='ocrx_word' id='word_1_64' title='bbox 557 949 659 1002; x_wconf 84' lang='lat' dir='ltr'>lumina</span> <span class='ocrx_word' id='word_1_65' title='bbox 669 949 790 1020; x_wconf 80' lang='lat' dir='ltr'>cedrum,</span> 
     </span>
     <span class='ocr_line' id='line_1_12' title="bbox 159 1018 736 1088; baseline 0.002 -18"><span class='ocrx_word' id='word_1_66' title='bbox 159 1019 261 1085; x_wconf 87' lang='lat' dir='ltr'>Arguto</span> <span class='ocrx_word' id='word_1_67' title='bbox 273 1018 361 1071; x_wconf 88' lang='lat' dir='ltr'>tenuis</span> <span class='ocrx_word' id='word_1_68' title='bbox 373 1034 530 1088; x_wconf 89' lang='lat' dir='ltr'>percurrens</span> <span class='ocrx_word' id='word_1_69' title='bbox 542 1018 648 1087; x_wconf 78' lang='lat' dir='ltr'>pectine</span> <span class='ocrx_word' id='word_1_70' title='bbox 659 1018 736 1072; x_wconf 79' lang='lat' dir='ltr'>teies.</span> 
     </span>
     <span class='ocr_line' id='line_1_13' title="bbox 161 1086 1013 1158; baseline 0.009 -20"><span class='ocrx_word' id='word_1_71' title='bbox 161 1087 230 1140; x_wconf 88' lang='lat' dir='ltr'>Hinc</span> <span class='ocrx_word' id='word_1_72' title='bbox 241 1087 363 1141; x_wconf 80' lang='lat' dir='ltr'>exaudiri</span> <span class='ocrx_word' id='word_1_73' title='bbox 375 1087 493 1156; x_wconf 77' lang='lat' dir='ltr'>gemitus</span> <span class='ocrx_word' id='word_1_74' title='bbox 504 1086 614 1156; x_wconf 85' lang='lat' dir='ltr'>iraeque</span> <span class='ocrx_word' id='word_1_75' title='bbox 626 1088 742 1158; x_wconf 84' lang='lat' dir='ltr'>leonum,</span> <span class='ocrx_word' id='word_1_76' title='bbox 980 1095 1013 1146; x_wconf 76' lang='lat'>1⁵</span> 
     </span>
     <span class='ocr_line' id='line_1_14' title="bbox 160 1156 877 1227; baseline 0.003 -18"><span class='ocrx_word' id='word_1_77' title='bbox 160 1156 257 1210; x_wconf 85' lang='lat' dir='ltr'>Vincla</span> <span class='ocrx_word' id='word_1_78' title='bbox 268 1166 438 1210; x_wconf 74' lang='lat' dir='ltr'>recusantum</span> <span class='ocrx_word' id='word_1_79' title='bbox 450 1168 478 1209; x_wconf 89' lang='lat' dir='ltr'>et</span> <span class='ocrx_word' id='word_1_80' title='bbox 490 1173 551 1210; x_wconf 87' lang='lat' dir='ltr'>sera</span> <span class='ocrx_word' id='word_1_81' title='bbox 562 1156 614 1210; x_wconf 87' lang='lat' dir='ltr'>sub</span> <span class='ocrx_word' id='word_1_82' title='bbox 625 1166 703 1210; x_wconf 87' lang='lat' dir='ltr'>nocte</span> <span class='ocrx_word' id='word_1_83' title='bbox 715 1156 877 1227; x_wconf 73' lang='lat' dir='ltr'>rudentum,</span> 
     </span>
     <span class='ocr_line' id='line_1_15' title="bbox 160 1225 802 1296; baseline 0.002 -17"><span class='ocrx_word' id='word_1_84' title='bbox 160 1225 342 1296; x_wconf 87' lang='lat' dir='ltr'>Saetigerique</span> <span class='ocrx_word' id='word_1_85' title='bbox 355 1243 420 1279; x_wconf 88' lang='lat' dir='ltr'>sues</span> <span class='ocrx_word' id='word_1_86' title='bbox 429 1234 511 1296; x_wconf 89' lang='lat' dir='ltr'>atque</span> <span class='ocrx_word' id='word_1_87' title='bbox 522 1225 548 1279; x_wconf 90' lang='lat' dir='ltr'>in</span> <span class='ocrx_word' id='word_1_88' title='bbox 561 1226 736 1295; x_wconf 73' lang='lat' dir='ltr'>praesepibus</span> <span class='ocrx_word' id='word_1_89' title='bbox 748 1227 802 1280; x_wconf 87' lang='lat' dir='ltr'>ursi</span> 
     </span>
     <span class='ocr_line' id='line_1_16' title="bbox 161 1294 864 1366; baseline 0 -17"><span class='ocrx_word' id='word_1_90' title='bbox 161 1295 276 1366; x_wconf 79' lang='lat' dir='ltr'>Saevire,</span> <span class='ocrx_word' id='word_1_91' title='bbox 289 1313 323 1349; x_wconf 88' lang='lat' dir='ltr'>ac</span> <span class='ocrx_word' id='word_1_92' title='bbox 335 1294 437 1349; x_wconf 80' lang='lat' dir='ltr'>formae</span> <span class='ocrx_word' id='word_1_93' title='bbox 448 1312 606 1364; x_wconf 74' lang='lat' dir='ltr'>magnorum</span> <span class='ocrx_word' id='word_1_94' title='bbox 617 1295 720 1349; x_wconf 88' lang='lat' dir='ltr'>ululare</span> <span class='ocrx_word' id='word_1_95' title='bbox 732 1295 864 1365; x_wconf 90' lang='lat' dir='ltr'>luporum,</span> 
     </span>
     <span class='ocr_line' id='line_1_17' title="bbox 161 1363 944 1437; baseline 0.004 -19"><span class='ocrx_word' id='word_1_96' title='bbox 161 1364 236 1424; x_wconf 86' lang='lat' dir='ltr'>Quos</span> <span class='ocrx_word' id='word_1_97' title='bbox 246 1365 387 1419; x_wconf 89' lang='lat' dir='ltr'>hominum</span> <span class='ocrx_word' id='word_1_98' title='bbox 398 1381 433 1418; x_wconf 83' lang='lat' dir='ltr'>ex</span> <span class='ocrx_word' id='word_1_99' title='bbox 444 1363 514 1418; x_wconf 83' lang='lat' dir='ltr'>facie</span> <span class='ocrx_word' id='word_1_100' title='bbox 525 1364 579 1417; x_wconf 88' lang='lat' dir='ltr'>dea</span> <span class='ocrx_word' id='word_1_101' title='bbox 589 1381 674 1437; x_wconf 77' lang='lat' dir='ltr'>saera</span> <span class='ocrx_word' id='word_1_102' title='bbox 684 1364 837 1434; x_wconf 86' lang='lat' dir='ltr'>potentibus</span> <span class='ocrx_word' id='word_1_103' title='bbox 849 1365 944 1421; x_wconf 88' lang='lat' dir='ltr'>herbis</span> 
     </span>
     <span class='ocr_line' id='line_1_18' title="bbox 160 1434 1014 1503; baseline 0.005 -17"><span class='ocrx_word' id='word_1_104' title='bbox 160 1434 285 1488; x_wconf 77' lang='lat' dir='ltr'>Induerat</span> <span class='ocrx_word' id='word_1_105' title='bbox 298 1434 783 1503; x_wconf 81' lang='lat' dir='ltr'>Circeiuvultusaetergalerarum.</span> <span class='ocrx_word' id='word_1_106' title='bbox 978 1441 1014 1490; x_wconf 82' lang='lat'>2⁰</span> 
     </span>
     <span class='ocr_line' id='line_1_19' title="bbox 159 1502 796 1573; baseline -0.003 -14"><span class='ocrx_word' id='word_1_107' title='bbox 159 1502 236 1561; x_wconf 77' lang='lat' dir='ltr'>Quae</span> <span class='ocrx_word' id='word_1_108' title='bbox 248 1520 283 1556; x_wconf 89' lang='lat' dir='ltr'>ne</span> <span class='ocrx_word' id='word_1_109' title='bbox 294 1512 412 1557; x_wconf 87' lang='lat' dir='ltr'>monstra</span> <span class='ocrx_word' id='word_1_110' title='bbox 423 1502 460 1573; x_wconf 94' lang='lat' dir='ltr'>pii</span> <span class='ocrx_word' id='word_1_111' title='bbox 507 1512 625 1556; x_wconf 79' lang='lat' dir='ltr'>rarenter</span> <span class='ocrx_word' id='word_1_112' title='bbox 637 1503 702 1557; x_wconf 87' lang='lat' dir='ltr'>talia</span> <span class='ocrx_word' id='word_1_113' title='bbox 712 1504 796 1557; x_wconf 70' lang='lat' dir='ltr'>Troes</span> 
     </span>
     <span class='ocr_line' id='line_1_20' title="bbox 160 1571 765 1643; baseline 0.002 -18"><span class='ocrx_word' id='word_1_114' title='bbox 160 1571 249 1625; x_wconf 88' lang='lat' dir='ltr'>Delati</span> <span class='ocrx_word' id='word_1_115' title='bbox 261 1572 287 1625; x_wconf 93' lang='lat' dir='ltr'>in</span> <span class='ocrx_word' id='word_1_116' title='bbox 300 1581 398 1643; x_wconf 89' lang='lat' dir='ltr'>portus,</span> <span class='ocrx_word' id='word_1_117' title='bbox 411 1589 466 1626; x_wconf 89' lang='lat' dir='ltr'>neu</span> <span class='ocrx_word' id='word_1_118' title='bbox 489 1573 556 1626; x_wconf 86' lang='lat' dir='ltr'>itura</span> <span class='ocrx_word' id='word_1_119' title='bbox 567 1572 626 1625; x_wconf 84' lang='lat' dir='ltr'>dira</span> <span class='ocrx_word' id='word_1_120' title='bbox 637 1573 765 1642; x_wconf 89' lang='lat' dir='ltr'>subirent,</span> 
     </span>
     <span class='ocr_line' id='line_1_21' title="bbox 161 1641 754 1712; baseline 0.002 -18"><span class='ocrx_word' id='word_1_121' title='bbox 161 1641 305 1711; x_wconf 76' lang='lat' dir='ltr'>Neptunus</span> <span class='ocrx_word' id='word_1_122' title='bbox 316 1642 404 1695; x_wconf 81' lang='lat' dir='ltr'>ventis</span> <span class='ocrx_word' id='word_1_123' title='bbox 416 1641 536 1711; x_wconf 77' lang='lat' dir='ltr'>implerit</span> <span class='ocrx_word' id='word_1_124' title='bbox 548 1641 610 1694; x_wconf 84' lang='lat' dir='ltr'>vela</span> <span class='ocrx_word' id='word_1_125' title='bbox 621 1641 754 1712; x_wconf 86' lang='lat' dir='ltr'>secundis,</span> 
     </span>
     <span class='ocr_line' id='line_1_22' title="bbox 159 1709 898 1832; baseline 0.004 -68"><span class='ocrx_word' id='word_1_126' title='bbox 159 1712 250 1832; x_wconf 61' lang='lat' dir='ltr'>Atque</span> <span class='ocrx_word' id='word_1_127' title='bbox 260 1709 356 1779; x_wconf 83' lang='lat' dir='ltr'>fugam</span> <span class='ocrx_word' id='word_1_128' title='bbox 367 1711 450 1779; x_wconf 86' lang='lat' dir='ltr'>dedit,</span> <span class='ocrx_word' id='word_1_129' title='bbox 463 1719 491 1764; x_wconf 90' lang='lat' dir='ltr'>et</span> <span class='ocrx_word' id='word_1_130' title='bbox 502 1722 608 1781; x_wconf 88' lang='lat' dir='ltr'>praeter</span> <span class='ocrx_word' id='word_1_131' title='bbox 618 1710 689 1764; x_wconf 86' lang='lat' dir='ltr'>vada</span> <span class='ocrx_word' id='word_1_132' title='bbox 700 1710 803 1765; x_wconf 81' lang='lat' dir='ltr'>fervida</span> <span class='ocrx_word' id='word_1_133' title='bbox 813 1713 898 1767; x_wconf 84' lang='lat' dir='ltr'>vexit.</span> 
     </span>
     <span class='ocr_line' id='line_1_23' title="bbox 211 1780 1013 1850; baseline 0.006 -17"><span class='ocrx_word' id='word_1_134' title='bbox 211 1795 310 1848; x_wconf 89' lang='lat' dir='ltr'>amque</span> <span class='ocrx_word' id='word_1_135' title='bbox 322 1780 481 1835; x_wconf 84' lang='lat' dir='ltr'>rubescebat</span> <span class='ocrx_word' id='word_1_136' title='bbox 492 1780 572 1834; x_wconf 84' lang='lat' dir='ltr'>radiis</span> <span class='ocrx_word' id='word_1_137' title='bbox 583 1797 666 1850; x_wconf 87' lang='lat' dir='ltr'>mare,</span> <span class='ocrx_word' id='word_1_138' title='bbox 678 1789 706 1833; x_wconf 89' lang='lat' dir='ltr'>et</span> <span class='ocrx_word' id='word_1_139' title='bbox 716 1782 828 1834; x_wconf 77' lang='lat' dir='ltr'>aethere</span> <span class='ocrx_word' id='word_1_140' title='bbox 839 1781 876 1837; x_wconf 89' lang='lat' dir='ltr'>ab</span> <span class='ocrx_word' id='word_1_141' title='bbox 886 1782 942 1837; x_wconf 87' lang='lat' dir='ltr'>alto</span> <span class='ocrx_word' id='word_1_142' title='bbox 977 1788 1013 1837; x_wconf 81' lang='lat'>25</span> 
     </span>
     <span class='ocr_line' id='line_1_24' title="bbox 159 1848 709 1918; baseline 0.002 -16"><span class='ocrx_word' id='word_1_143' title='bbox 159 1851 262 1903; x_wconf 87' lang='lat' dir='ltr'>Aurora</span> <span class='ocrx_word' id='word_1_144' title='bbox 274 1850 300 1902; x_wconf 89' lang='lat' dir='ltr'>in</span> <span class='ocrx_word' id='word_1_145' title='bbox 314 1849 395 1903; x_wconf 85' lang='lat' dir='ltr'>roseis</span> <span class='ocrx_word' id='word_1_146' title='bbox 407 1848 526 1918; x_wconf 77' lang='lat' dir='ltr'>fulgebat</span> <span class='ocrx_word' id='word_1_147' title='bbox 538 1848 612 1903; x_wconf 89' lang='lat' dir='ltr'>lutea</span> <span class='ocrx_word' id='word_1_148' title='bbox 623 1849 709 1918; x_wconf 81' lang='lat' dir='ltr'>bigis:</span> 
     </span>
     <span class='ocr_line' id='line_1_25' title="bbox 160 1918 835 1989; baseline 0.001 -18"><span class='ocrx_word' id='word_1_149' title='bbox 160 1919 228 1972; x_wconf 86' lang='lat' dir='ltr'>Cum</span> <span class='ocrx_word' id='word_1_150' title='bbox 241 1919 314 1972; x_wconf 84' lang='lat' dir='ltr'>venti</span> <span class='ocrx_word' id='word_1_151' title='bbox 326 1935 447 1989; x_wconf 80' lang='lat' dir='ltr'>posuere,</span> <span class='ocrx_word' id='word_1_152' title='bbox 459 1919 599 1987; x_wconf 86' lang='lat' dir='ltr'>omnisque</span> <span class='ocrx_word' id='word_1_153' title='bbox 611 1928 723 1989; x_wconf 87' lang='lat' dir='ltr'>repente</span> <span class='ocrx_word' id='word_1_154' title='bbox 733 1918 835 1973; x_wconf 87' lang='lat' dir='ltr'>resedit</span> 
     </span>
     <span class='ocr_line' id='line_1_26' title="bbox 159 1987 826 2057; baseline 0.003 -17"><span class='ocrx_word' id='word_1_155' title='bbox 159 1987 259 2057; x_wconf 80' lang='lat' dir='ltr'>Fletus,</span> <span class='ocrx_word' id='word_1_156' title='bbox 274 1996 300 2041; x_wconf 91' lang='lat' dir='ltr'>et</span> <span class='ocrx_word' id='word_1_157' title='bbox 312 1988 338 2041; x_wconf 90' lang='lat' dir='ltr'>in</span> <span class='ocrx_word' id='word_1_158' title='bbox 352 1989 423 2041; x_wconf 89' lang='lat' dir='ltr'>lento</span> <span class='ocrx_word' id='word_1_159' title='bbox 436 1988 568 2041; x_wconf 86' lang='lat' dir='ltr'>luctantur</span> <span class='ocrx_word' id='word_1_160' title='bbox 580 2004 712 2042; x_wconf 90' lang='lat' dir='ltr'>marmore</span> <span class='ocrx_word' id='word_1_161' title='bbox 724 1997 826 2042; x_wconf 85' lang='lat' dir='ltr'>tonsae.</span> 
     </span>
     <span class='ocr_line' id='line_1_27' title="bbox 159 2057 853 2127; baseline 0.003 -16"><span class='ocrx_word' id='word_1_162' title='bbox 159 2059 249 2125; x_wconf 87' lang='lat' dir='ltr'>Atque</span> <span class='ocrx_word' id='word_1_163' title='bbox 262 2057 305 2111; x_wconf 85' lang='lat' dir='ltr'>hic</span> <span class='ocrx_word' id='word_1_164' title='bbox 317 2062 426 2112; x_wconf 79' lang='lat' dir='ltr'>Aeneas</span> <span class='ocrx_word' id='word_1_165' title='bbox 437 2057 573 2125; x_wconf 82' lang='lat' dir='ltr'>ingentem</span> <span class='ocrx_word' id='word_1_166' title='bbox 586 2074 620 2110; x_wconf 87' lang='lat' dir='ltr'>err</span> <span class='ocrx_word' id='word_1_167' title='bbox 631 2073 748 2127; x_wconf 89' lang='lat' dir='ltr'>aequore</span> <span class='ocrx_word' id='word_1_168' title='bbox 759 2058 853 2112; x_wconf 89' lang='lat' dir='ltr'>lucum</span> 
     </span>
     <span class='ocr_line' id='line_1_28' title="bbox 160 2127 1014 2206; baseline 0.005 -27"><span class='ocrx_word' id='word_1_169' title='bbox 160 2127 299 2206; x_wconf 84' lang='lat' dir='ltr'>Prospicit.</span> <span class='ocrx_word' id='word_1_170' title='bbox 334 2128 413 2180; x_wconf 91' lang='lat' dir='ltr'>Hune</span> <span class='ocrx_word' id='word_1_171' title='bbox 425 2129 492 2180; x_wconf 89' lang='lat' dir='ltr'>inter</span> <span class='ocrx_word' id='word_1_172' title='bbox 503 2127 586 2180; x_wconf 83' lang='lat' dir='ltr'>fluvio</span> <span class='ocrx_word' id='word_1_173' title='bbox 598 2127 741 2183; x_wconf 85' lang='lat' dir='ltr'>Tiberinus</span> <span class='ocrx_word' id='word_1_174' title='bbox 751 2143 875 2198; x_wconf 85' lang='lat' dir='ltr'>amoeno,</span> <span class='ocrx_word' id='word_1_175' title='bbox 977 2133 1014 2183; x_wconf 80' lang='lat'>3⁰</span> 
     </span>
     <span class='ocr_line' id='line_1_29' title="bbox 159 2195 768 2266; baseline 0.002 -19"><span class='ocrx_word' id='word_1_176' title='bbox 159 2195 312 2249; x_wconf 81' lang='lat' dir='ltr'>Vorticibus</span> <span class='ocrx_word' id='word_1_177' title='bbox 323 2196 431 2265; x_wconf 82' lang='lat' dir='ltr'>rapidis,</span> <span class='ocrx_word' id='word_1_178' title='bbox 444 2204 472 2248; x_wconf 89' lang='lat' dir='ltr'>et</span> <span class='ocrx_word' id='word_1_179' title='bbox 483 2195 570 2250; x_wconf 86' lang='lat' dir='ltr'>multa</span> <span class='ocrx_word' id='word_1_180' title='bbox 580 2197 669 2250; x_wconf 85' lang='lat' dir='ltr'>flavus</span> <span class='ocrx_word' id='word_1_181' title='bbox 679 2212 768 2266; x_wconf 89' lang='lat' dir='ltr'>arena,</span> 
     </span>
     <span class='ocr_line' id='line_1_30' title="bbox 158 2265 887 2337; baseline 0.003 -19"><span class='ocrx_word' id='word_1_182' title='bbox 158 2265 189 2318; x_wconf 94' lang='lat' dir='ltr'>In</span> <span class='ocrx_word' id='word_1_183' title='bbox 201 2281 277 2318; x_wconf 86' lang='lat' dir='ltr'>mare</span> <span class='ocrx_word' id='word_1_184' title='bbox 288 2267 442 2336; x_wconf 88' lang='lat' dir='ltr'>prorumpit.</span> <span class='ocrx_word' id='word_1_185' title='bbox 478 2266 574 2319; x_wconf 86' lang='lat' dir='ltr'>Variae</span> <span class='ocrx_word' id='word_1_186' title='bbox 585 2267 740 2335; x_wconf 82' lang='lat' dir='ltr'>circumque</span> <span class='ocrx_word' id='word_1_187' title='bbox 751 2281 887 2337; x_wconf 82' lang='lat' dir='ltr'>supraque</span> 
     </span>
     <span class='ocr_line' id='line_1_31' title="bbox 159 2334 763 2403; baseline -0.003 -15"><span class='ocrx_word' id='word_1_188' title='bbox 159 2337 293 2388; x_wconf 86' lang='lat' dir='ltr'>Assuetae</span> <span class='ocrx_word' id='word_1_189' title='bbox 305 2334 369 2403; x_wconf 89' lang='lat' dir='ltr'>ripis</span> <span class='ocrx_word' id='word_1_190' title='bbox 381 2336 503 2389; x_wconf 84' lang='lat' dir='ltr'>volucres</span> <span class='ocrx_word' id='word_1_191' title='bbox 514 2343 543 2388; x_wconf 89' lang='lat' dir='ltr'>et</span> <span class='ocrx_word' id='word_1_192' title='bbox 554 2335 675 2389; x_wconf 85' lang='lat' dir='ltr'>fluminis</span> <span class='ocrx_word' id='word_1_193' title='bbox 686 2335 763 2387; x_wconf 86' lang='lat' dir='ltr'>alveo</span> 
     </span>
     <span class='ocr_line' id='line_1_32' title="bbox 65 2402 819 2475; baseline -0.003 -17"><span class='ocrx_word' id='word_1_194' title='bbox 65 2404 79 2425; x_wconf 81' lang='lat'>&#39;</span> <span class='ocrx_word' id='word_1_195' title='bbox 159 2403 277 2458; x_wconf 90' lang='lat' dir='ltr'>Aethera</span> <span class='ocrx_word' id='word_1_196' title='bbox 288 2404 444 2458; x_wconf 85' lang='lat' dir='ltr'>mulcebant</span> <span class='ocrx_word' id='word_1_197' title='bbox 455 2414 544 2475; x_wconf 91' lang='lat' dir='ltr'>cantu,</span> <span class='ocrx_word' id='word_1_198' title='bbox 558 2405 584 2458; x_wconf 89' lang='lat' dir='ltr'>ln</span> <span class='ocrx_word' id='word_1_199' title='bbox 638 2420 673 2457; x_wconf 90' lang='lat' dir='ltr'>ue</span> <span class='ocrx_word' id='word_1_200' title='bbox 684 2402 819 2457; x_wconf 80' lang='lat' dir='ltr'>volabmt.</span> 
     </span>
     <span class='ocr_line' id='line_1_33' title="bbox 160 2473 1015 2545; baseline 0.002 -18"><span class='ocrx_word' id='word_1_201' title='bbox 160 2473 282 2527; x_wconf 82' lang='lat' dir='ltr'>Flectere</span> <span class='ocrx_word' id='word_1_202' title='bbox 295 2473 344 2526; x_wconf 88' lang='lat' dir='ltr'>iter</span> <span class='ocrx_word' id='word_1_203' title='bbox 355 2473 435 2527; x_wconf 87' lang='lat' dir='ltr'>sociis</span> <span class='ocrx_word' id='word_1_204' title='bbox 447 2483 586 2545; x_wconf 88' lang='lat' dir='ltr'>terraeque</span> <span class='ocrx_word' id='word_1_205' title='bbox 635 2482 739 2526; x_wconf 76' lang='lat' dir='ltr'>venere</span> <span class='ocrx_word' id='word_1_206' title='bbox 750 2490 841 2543; x_wconf 88' lang='lat' dir='ltr'>proras</span> <span class='ocrx_word' id='word_1_207' title='bbox 978 2480 1015 2529; x_wconf 75' lang='grc'>35</span> 
     </span>
     <span class='ocr_line' id='line_1_34' title="bbox 159 2542 756 2615; baseline -0.003 -19"><span class='ocrx_word' id='word_1_208' title='bbox 159 2543 284 2612; x_wconf 85' lang='lat' dir='ltr'>Imperat,</span> <span class='ocrx_word' id='word_1_209' title='bbox 298 2551 325 2596; x_wconf 94' lang='lat' dir='ltr'>et</span> <span class='ocrx_word' id='word_1_210' title='bbox 337 2542 425 2597; x_wconf 83' lang='lat' dir='ltr'>laetus</span> <span class='ocrx_word' id='word_1_211' title='bbox 436 2544 519 2597; x_wconf 87' lang='lat' dir='ltr'>fluvio</span> <span class='ocrx_word' id='word_1_212' title='bbox 530 2542 653 2597; x_wconf 86' lang='lat' dir='ltr'>succedit</span> <span class='ocrx_word' id='word_1_213' title='bbox 664 2558 756 2615; x_wconf 88' lang='lat' dir='ltr'>opaco.</span> 
     </span>
     <span class='ocr_line' id='line_1_35' title="bbox 193 2613 928 2684; baseline 0.001 -18"><span class='ocrx_word' id='word_1_214' title='bbox 193 2613 274 2666; x_wconf 88' lang='lat' dir='ltr'>Nunc</span> <span class='ocrx_word' id='word_1_215' title='bbox 284 2629 344 2681; x_wconf 86' lang='lat' dir='ltr'>age,</span> <span class='ocrx_word' id='word_1_216' title='bbox 356 2614 403 2682; x_wconf 90' lang='lat' dir='ltr'>qni</span> <span class='ocrx_word' id='word_1_217' title='bbox 415 2630 444 2667; x_wconf 87' lang='lat' dir='ltr'>re</span> <span class='ocrx_word' id='word_1_218' title='bbox 462 2630 499 2683; x_wconf 87' lang='lat' dir='ltr'>es,</span> <span class='ocrx_word' id='word_1_219' title='bbox 513 2613 600 2682; x_wconf 85' lang='lat' dir='ltr'>Erato,</span> <span class='ocrx_word' id='word_1_220' title='bbox 613 2628 683 2682; x_wconf 87' lang='lat' dir='ltr'>quae</span> <span class='ocrx_word' id='word_1_221' title='bbox 696 2620 816 2681; x_wconf 86' lang='lat' dir='ltr'>tempora</span> <span class='ocrx_word' id='word_1_222' title='bbox 826 2627 928 2684; x_wconf 85' lang='lat' dir='ltr'>rerum,</span> 
     </span>
     <span class='ocr_line' id='line_1_36' title="bbox 159 2631 876 2752; baseline 0 -17"><span class='ocrx_word' id='word_1_223' title='bbox 159 2682 226 2741; x_wconf 87' lang='lat' dir='ltr'>Quis</span> <span class='ocrx_word' id='word_1_224' title='bbox 237 2682 313 2735; x_wconf 90' lang='lat' dir='ltr'>Latio</span> <span class='ocrx_word' id='word_1_225' title='bbox 324 2682 433 2752; x_wconf 86' lang='lat' dir='ltr'>antiquo</span> <span class='ocrx_word' id='word_1_226' title='bbox 443 2631 524 2735; x_wconf 55' lang='lat' dir='ltr'>inerit</span> <span class='ocrx_word' id='word_1_227' title='bbox 535 2691 629 2751; x_wconf 87' lang='lat' dir='ltr'>status,</span> <span class='ocrx_word' id='word_1_228' title='bbox 641 2680 748 2734; x_wconf 79' lang='lat' dir='ltr'>advena</span> <span class='ocrx_word' id='word_1_229' title='bbox 758 2679 876 2735; x_wconf 83' lang='lat' dir='ltr'>classem</span> 
     </span>
     <span class='ocr_line' id='line_1_37' title="bbox 159 2749 825 2820; baseline -0.005 -15"><span class='ocrx_word' id='word_1_230' title='bbox 159 2752 227 2805; x_wconf 86' lang='lat' dir='ltr'>Cum</span> <span class='ocrx_word' id='word_1_231' title='bbox 239 2751 356 2820; x_wconf 89' lang='lat' dir='ltr'>primurn</span> <span class='ocrx_word' id='word_1_232' title='bbox 367 2752 493 2805; x_wconf 87' lang='lat' dir='ltr'>Ausoniis</span> <span class='ocrx_word' id='word_1_233' title='bbox 504 2751 641 2805; x_wconf 81' lang='lat' dir='ltr'>exercitus</span> <span class='ocrx_word' id='word_1_234' title='bbox 651 2749 755 2819; x_wconf 86' lang='lat' dir='ltr'>adpulit</span> <span class='ocrx_word' id='word_1_235' title='bbox 767 2751 825 2820; x_wconf 87' lang='lat' dir='ltr'>oris,</span> 
     </span>
     <span class='ocr_line' id='line_1_38' title="bbox 160 2818 1016 2891; baseline 0.001 -17"><span class='ocrx_word' id='word_1_236' title='bbox 160 2821 319 2891; x_wconf 81' lang='lat' dir='ltr'>Expediam,</span> <span class='ocrx_word' id='word_1_237' title='bbox 332 2829 360 2874; x_wconf 91' lang='lat' dir='ltr'>et</span> <span class='ocrx_word' id='word_1_238' title='bbox 371 2822 474 2891; x_wconf 87' lang='lat' dir='ltr'>primae</span> <span class='ocrx_word' id='word_1_239' title='bbox 487 2821 619 2877; x_wconf 82' lang='lat' dir='ltr'>revocabo</span> <span class='ocrx_word' id='word_1_240' title='bbox 631 2818 740 2874; x_wconf 87' lang='lat' dir='ltr'>exordia</span> <span class='ocrx_word' id='word_1_241' title='bbox 750 2835 868 2888; x_wconf 87' lang='lat' dir='ltr'>pugnae.</span> <span class='ocrx_word' id='word_1_242' title='bbox 977 2825 1016 2875; x_wconf 77' lang='lat'>⁴0</span> 
     </span>
     <span class='ocr_line' id='line_1_39' title="bbox 159 2888 892 2961; baseline -0.003 -17"><span class='ocrx_word' id='word_1_243' title='bbox 159 2890 201 2944; x_wconf 83' lang='lat' dir='ltr'>Tu</span> <span class='ocrx_word' id='word_1_244' title='bbox 213 2900 317 2961; x_wconf 84' lang='lat' dir='ltr'>ratem,</span> <span class='ocrx_word' id='word_1_245' title='bbox 327 2898 363 2961; x_wconf 89' lang='lat' dir='ltr'>tu,</span> <span class='ocrx_word' id='word_1_246' title='bbox 377 2890 447 2960; x_wconf 83' lang='lat' dir='ltr'>diva,</span> <span class='ocrx_word' id='word_1_247' title='bbox 460 2907 550 2945; x_wconf 88' lang='lat' dir='ltr'>mone.</span> <span class='ocrx_word' id='word_1_248' title='bbox 586 2890 679 2943; x_wconf 88' lang='lat' dir='ltr'>Dicam</span> <span class='ocrx_word' id='word_1_249' title='bbox 692 2888 799 2942; x_wconf 82' lang='lat' dir='ltr'>horrida</span> <span class='ocrx_word' id='word_1_250' title='bbox 809 2888 892 2957; x_wconf 84' lang='lat' dir='ltr'>bella,</span> 
     </span>
    </p>
   </div>
   <div class='ocr_carea' id='block_1_3' title="bbox 89 3022 1019 3496">
    <p class='ocr_par' dir='ltr' id='par_1_3' title="bbox 89 3022 1018 3267">
     <span class='ocr_line' id='line_1_40' title="bbox 118 3022 1016 3090; baseline 0.001 -18"><span class='ocrx_word' id='word_1_251' title='bbox 118 3026 141 3072; x_wconf 79' lang='lat' dir='ltr'>t.</span> <span class='ocrx_word' id='word_1_252' title='bbox 158 3023 284 3086; x_wconf 82' lang='lat' dir='ltr'>Hesperia.</span> <span class='ocrx_word' id='word_1_253' title='bbox 312 3023 359 3071; x_wconf 85' lang='lat' dir='ltr'>See</span> <span class='ocrx_word' id='word_1_254' title='bbox 370 3022 385 3071; x_wconf 93' lang='lat' dir='ltr'>i.</span> <span class='ocrx_word' id='word_1_255' title='bbox 397 3026 515 3090; x_wconf 62' lang='lat'>⁵3⁰·*.⁵·</span> <span class='ocrx_word' id='word_1_256' title='bbox 531 3022 603 3071; x_wconf 74' lang='lat' dir='ltr'>Piae.</span> <span class='ocrx_word' id='word_1_257' title='bbox 631 3023 679 3071; x_wconf 85' lang='lat' dir='ltr'>See</span> <span class='ocrx_word' id='word_1_258' title='bbox 690 3022 705 3070; x_wconf 90' lang='lat' dir='ltr'>i.</span> <span class='ocrx_word' id='word_1_259' title='bbox 716 3025 851 3090; x_wconf 68' lang='lat' dir='ltr'>ura-11.</span> <span class='ocrx_word' id='word_1_260' title='bbox 868 3024 935 3073; x_wconf 80' lang='lat' dir='ltr'>Solia</span> <span class='ocrx_word' id='word_1_261' title='bbox 940 3024 1016 3085; x_wconf 80' lang='lat' dir='ltr'>filia,</span> 
     </span>
     <span class='ocr_line' id='line_1_41' title="bbox 90 3080 1016 3140; baseline 0 -9"><span class='ocrx_word' id='word_1_262' title='bbox 90 3082 250 3131; x_wconf 78' lang='lat' dir='ltr'>Circe-12.</span> <span class='ocrx_word' id='word_1_263' title='bbox 267 3080 382 3138; x_wconf 80' lang='lat' dir='ltr'>Resonet,</span> <span class='ocrx_word' id='word_1_264' title='bbox 403 3082 538 3137; x_wconf 81' lang='lat' dir='ltr'>transitive,</span> <span class='ocrx_word' id='word_1_265' title='bbox 559 3098 587 3130; x_wconf 90' lang='lat' dir='ltr'>as</span> <span class='ocrx_word' id='word_1_266' title='bbox 608 3081 633 3130; x_wconf 91' lang='lat' dir='ltr'>in</span> <span class='ocrx_word' id='word_1_267' title='bbox 650 3082 703 3130; x_wconf 86' lang='lat' dir='ltr'>Ecl.</span> <span class='ocrx_word' id='word_1_268' title='bbox 721 3097 736 3130; x_wconf 90' lang='lat' dir='ltr'>r.</span> <span class='ocrx_word' id='word_1_269' title='bbox 753 3085 859 3130; x_wconf 84' lang='grc'><strong>5.-15.</strong></span> <span class='ocrx_word' id='word_1_270' title='bbox 875 3082 1016 3140; x_wconf 80' lang='lat' dir='ltr'>Eacada&#39;ra&#39;,</span> 
     </span>
     <span class='ocr_line' id='line_1_42' title="bbox 89 3139 1018 3202; baseline 0.003 -13"><span class='ocrx_word' id='word_1_271' title='bbox 89 3140 213 3189; x_wconf 86' lang='lat' dir='ltr'>historical</span> <span class='ocrx_word' id='word_1_272' title='bbox 233 3139 441 3193; x_wconf 77' lang='lat' dir='ltr'>infinitiva-21.</span> <span class='ocrx_word' id='word_1_273' title='bbox 463 3139 530 3202; x_wconf 81' lang='lat' dir='ltr'>Quae</span> <span class='ocrx_word' id='word_1_274' title='bbox 548 3143 608 3189; x_wconf 82' lang='lat' dir='ltr'>tnlr&#39;a</span> <span class='ocrx_word' id='word_1_275' title='bbox 628 3150 743 3198; x_wconf 80' lang='lat' dir='ltr'>morratrc,</span> <span class='ocrx_word' id='word_1_276' title='bbox 766 3141 843 3190; x_wconf 84' lang='lat' dir='ltr'>‘auch</span> <span class='ocrx_word' id='word_1_277' title='bbox 864 3151 1018 3202; x_wconf 77' lang='lat' dir='ltr'>portentoue</span> 
     </span>
     <span class='ocr_line' id='line_1_43' title="bbox 89 3198 1015 3267; baseline 0.005 -22"><span class='ocrx_word' id='word_1_278' title='bbox 89 3198 197 3258; x_wconf 83' lang='lat' dir='ltr'>changes</span> <span class='ocrx_word' id='word_1_279' title='bbox 213 3214 239 3245; x_wconf 88' lang='lat' dir='ltr'>as</span> <span class='ocrx_word' id='word_1_280' title='bbox 255 3198 424 3267; x_wconf 53' lang='lat' dir='ltr'>theses-27.</span> <span class='ocrx_word' id='word_1_281' title='bbox 439 3199 554 3258; x_wconf 80' lang='lat' dir='ltr'>Poscere,</span> <span class='ocrx_word' id='word_1_282' title='bbox 568 3199 617 3248; x_wconf 79' lang='lat' dir='ltr'>dcc.</span> <span class='ocrx_word' id='word_1_283' title='bbox 649 3200 696 3248; x_wconf 89' lang='lat' dir='ltr'>See</span> <span class='ocrx_word' id='word_1_284' title='bbox 708 3210 732 3247; x_wconf 90' lang='lat' dir='ltr'>at</span> <span class='ocrx_word' id='word_1_285' title='bbox 745 3200 759 3249; x_wconf 90' lang='lat' dir='ltr'>i.</span> <span class='ocrx_word' id='word_1_286' title='bbox 771 3203 905 3250; x_wconf 71' lang='lat' dir='ltr'>asa-33.</span> <span class='ocrx_word' id='word_1_287' title='bbox 921 3200 1015 3258; x_wconf 77' lang='lat' dir='ltr'>Alcen,</span> 
     </span>
    </p>

    <p class='ocr_par' dir='ltr' id='par_1_4' title="bbox 89 3257 1019 3496">
     <span class='ocr_line' id='line_1_44' title="bbox 106 3257 1016 3324; baseline 0.008 -24"><span class='ocrx_word' id='word_1_288' title='bbox 106 3269 227 3301; x_wconf 86' lang='lat' dir='ltr'>ronouuce</span> <span class='ocrx_word' id='word_1_289' title='bbox 243 3271 271 3303; x_wconf 91' lang='lat' dir='ltr'>aa</span> <span class='ocrx_word' id='word_1_290' title='bbox 286 3257 460 3324; x_wconf 78' lang='lat' dir='ltr'>adresylleble.</span> <span class='ocrx_word' id='word_1_291' title='bbox 470 3263 542 3308; x_wconf 75' lang='lat'>-372</span> <span class='ocrx_word' id='word_1_292' title='bbox 552 3259 644 3316; x_wconf 67' lang='lat' dir='ltr'>&#39;Ereta</span> <span class='ocrx_word' id='word_1_293' title='bbox 657 3260 700 3307; x_wconf 90' lang='lat' dir='ltr'>the</span> <span class='ocrx_word' id='word_1_294' title='bbox 711 3259 787 3308; x_wconf 90' lang='lat' dir='ltr'>Muse</span> <span class='ocrx_word' id='word_1_295' title='bbox 802 3259 831 3307; x_wconf 92' lang='lat' dir='ltr'>of</span> <span class='ocrx_word' id='word_1_296' title='bbox 842 3258 898 3309; x_wconf 88' lang='lat' dir='ltr'>love</span> <span class='ocrx_word' id='word_1_297' title='bbox 909 3269 1016 3320; x_wconf 65' lang='lat' dir='ltr'>poetry,</span> 
     </span>
     <span class='ocr_line' id='line_1_45' title="bbox 89 3269 1018 3417; baseline 0.01 -59"><span class='ocrx_word' id='word_1_298' title='bbox 89 3269 330 3417; x_wconf 50' lang='lat' dir='ltr'>§prphgeprgsgntrflg</span> <span class='ocrx_word' id='word_1_299' title='bbox 344 3315 386 3363; x_wconf 90' lang='lat' dir='ltr'>the</span> <span class='ocrx_word' id='word_1_300' title='bbox 402 3315 476 3383; x_wconf 78' lang='lat' dir='ltr'>Musa</span> <span class='ocrx_word' id='word_1_301' title='bbox 492 3317 625 3378; x_wconf 82' lang='lat' dir='ltr'>generally.</span> <span class='ocrx_word' id='word_1_302' title='bbox 658 3317 702 3376; x_wconf 88' lang='lat' dir='ltr'>Or,</span> <span class='ocrx_word' id='word_1_303' title='bbox 717 3319 742 3366; x_wconf 90' lang='lat' dir='ltr'>in</span> <span class='ocrx_word' id='word_1_304' title='bbox 757 3318 800 3367; x_wconf 89' lang='lat' dir='ltr'>the</span> <span class='ocrx_word' id='word_1_305' title='bbox 815 3318 924 3378; x_wconf 83' lang='lat' dir='ltr'>peculiar</span> <span class='ocrx_word' id='word_1_306' title='bbox 934 3333 1018 3369; x_wconf 79' lang='lat' dir='ltr'>sense</span> 
     </span>
     <span class='ocr_line' id='line_1_46' title="bbox 90 3373 1019 3496; baseline 0.022 -31"><span class='ocrx_word' id='word_1_307' title='bbox 90 3418 156 3466; x_wconf 69' lang='lat' dir='ltr'>vna</span> <span class='ocrx_word' id='word_1_308' title='bbox 165 3373 576 3491; x_wconf 59' lang='lat' dir='ltr'>mnir.239.⁰¹}l¹333,5‘3³ys32</span> <span class='ocrx_word' id='word_1_309' title='bbox 584 3376 815 3496; x_wconf 51' lang='lat' dir='ltr'>iiiiiffliii&#39;sihu</span> <span class='ocrx_word' id='word_1_310' title='bbox 830 3378 886 3428; x_wconf 49' lang='grc' dir='ltr'>ΙΝ</span> <span class='ocrx_word' id='word_1_311' title='bbox 907 3377 944 3428; x_wconf 50' lang='lat' dir='ltr'>sm</span> <span class='ocrx_word' id='word_1_312' title='bbox 960 3377 1019 3427; x_wconf 55' lang='lat' dir='ltr'>L*</span> 
     </span>
    </p>
   </div>
   <div class='ocr_carea' id='block_1_4' title="bbox 0 44 1146 3790">
    <p class='ocr_par' dir='ltr' id='par_1_5' title="bbox 0 44 1146 3790">
     <span class='ocr_line' id='line_1_47' title="bbox 0 44 1146 3790; baseline 0 0"><span class='ocrx_word' id='word_1_313' title='bbox 0 44 1146 3790; x_wconf 95' lang='lat' dir='ltr'> </span> 
     </span>
    </p>
   </div>
  </div>
 </body>
</html>
