2320 3744
496 239 590 281 murm
609 240 654 280 ιιι.
980 224 1037 283 109

176 366 239 423 Νοιι
253 374 309 421 tam
322 366 417 421 creber
427 361 645 436 agens'lriemem
656 368 709 422 ruit
720 384 837 437 aequore
850 365 927 429 turbo
982 373 1036 423 479

177 437 268 497 Quam
280 436 383 490 multae
395 437 532 506 pecudum
544 449 644 508 pestes.
680 438 740 492 Nec
752 437 857 508 singula
870 406 958 492 morbi

177 508 293 577 Corpora
306 508 457 576 corripiunt,
470 507 519 560 sed
531 518 586 561 tcta
598 508 701 561 aestiva
713 517 833 577 repente,

177 577 315 648 Spemque
344 593 509 649 gregemque
539 577 629 648 simul,
660 586 840 648 cunctamque
869 575 905 631 ab
933 576 1035 646 origine

265 656 367 698 entem.

91 720 97 727 ’
177 663 336 785 Tumgsciat,
350 715 437 771 aerias
450 715 528 785 Alpis
539 724 567 769 et
578 716 679 770 Norica
690 716 713 769 si
725 715 788 786 quis

178 783 294 838 castella
307 785 333 837 in
345 786 457 851 tumulis
467 794 494 839 et
506 785 616 856 Iapydis
626 803 692 840 arva
703 785 810 839 Timavi
980 789 1034 839 475

128 874 136 881 ·
177 854 259 908 Nunc
270 871 378 924 quoque
390 864 448 924 post
461 863 534 908 tanto
546 855 643 926 videat,
657 856 818 925 desertaque
831 872 913 925 regna

176 924 325 993 Pastorum,
338 936 365 977 et
377 924 455 993 longe
468 924 552 978 saltus
564 924 672 994 lateque
685 927 814 978 vacantis.

213 995 265 1046 Hic
277 993 410 1062 quondam
424 993 516 1047 morbo
529 995 597 1047 coeli
610 994 764 1049 miseranda
775 1002 865 1048 coorta
876 1002 920 1051 est
1013 996 1027 1023 ¹

178 1062 340 1133 'Bempestas
352 1072 459 1133 totoque
471 1065 594 1117 autumni
608 1065 745 1119 incanduit
757 1074 859 1136 aestu,
1100 1115 1104 1121 Α

179 1133 213 1187 Et
224 1151 313 1202 genus
323 1150 403 1186 omne
415 1133 476 1187 neci
507 1134 625 1188 seudum
636 1135 718 1203 dedit,
732 1152 812 1188 omne
824 1135 950 1207 ferarum,
980 1137 1033 1189 489

178 1204 351 1273 Corrupitque
363 1202 446 1271 lacus,
459 1151 550 1257 iniecit
562 1205 661 1274 pabula
674 1205 744 1258 tabo.

179 1275 240 1327 Nec
251 1272 296 1325 via
308 1274 401 1326 mortis
413 1281 470 1326 erat
482 1272 598 1343 simplex
605 1291 613 1343 5
631 1274 680 1328 sed
693 1273 739 1327 ubi
752 1275 832 1341 ignea
843 1272 921 1327 venis

178 1342 312 1396 Omnibus
322 1351 383 1395 acts
395 1342 454 1395 sitis
465 1344 578 1397 miseros
588 1343 738 1398 adduxerat
749 1352 831 1422 artus,

177 1414 280 1467 Rursus
291 1411 446 1480 abundabat
458 1412 557 1467 fluidus
568 1413 654 1482 liquor
666 1413 811 1482 omniaque
823 1430 850 1466 m
862 1430 892 1466 se

178 1484 246 1537 Ossa
257 1481 412 1536 minutatim
425 1483 517 1535 morbo
528 1482 646 1554 collapsa
659 1482 789 1537 trahebat.
981 1487 1032 1537 485

178 1553 264 1623 Saepe
277 1552 304 1605 irr
316 1552 415 1604 honore
427 1552 510 1605 deum
521 1552 612 1606 medio
624 1562 698 1606 stans
710 1551 843 1605 hostiaad
854 1570 938 1626 aram,

178 1623 270 1675 Lanea
282 1621 348 1676 dum
360 1621 440 1674 nivea
452 1621 633 1676 circumdatur
645 1621 728 1676 insula
741 1622 814 1691 vitta,

178 1693 250 1746 Inter
261 1691 414 1760 cunctantis
426 1690 524 1744 cecidit
536 1692 694 1746 moribunda
705 1692 849 1746 ministros.

177 1764 233 1815 Aut
246 1762 364 1831 siquam
377 1761 446 1814 ferro
459 1771 624 1815 mactaverat
636 1770 699 1815 ante
711 1761 844 1833 sacerdos,

178 1832 245 1885 Inde
258 1848 347 1900 neque
360 1830 490 1900 impositis
501 1831 596 1884 ardent
606 1831 701 1885 altaria
713 1831 795 1901 fibris,
980 1835 1033 1884 490

177 1903 238 1955 Nec
251 1918 379 1971 responsa
390 1909 478 1980 potest
490 1901 627 1955 consultus
640 1900 751 1954 reddere
765 1908 848 1972 vates,

177 1974 219 2025 Ac
232 1971 278 2025 rix
289 1970 418 2041 suppositi
430 1969 585 2039 tinguuntur
597 1971 726 2040 sanguine
739 1969 826 2041 cultri,

178 2040 345 2110 Summaque
356 2039 448 2111 jejuna
460 2040 535 2093 sanie
548 2040 696 2094 infuscatur
707 2056 797 2093 arena.

177 2110 247 2164 Hinc
259 2110 337 2163 laetis
349 2109 425 2163 vituli
437 2110 517 2178 vulgo
529 2111 675 2164 moriuntur
688 2109 713 2162 in
726 2109 824 2177 herbis,

178 2182 214 2234 Et
226 2179 314 2234 dulcis
325 2180 430 2233 animas
442 2178 523 2250 plena
533 2180 567 2231 ad
581 2179 721 2250 praesepia
733 2179 848 2233 reddunt
855 2195 863 2248 3
981 2184 1033 2234 49⁵

177 2250 249 2303 Hinc
260 2249 374 2307 canibus
385 2248 492 2303 blandis
503 2249 593 2302 rabies
604 2249 685 2317 verrit,
699 2257 727 2302 et
737 2249 822 2319 quatit
833 2266 929 2319 aegros

177 2319 273 2373 Tussis
284 2318 382 2372 anhela
394 2335 458 2372 sues
468 2334 502 2370 ac
514 2317 637 2373 saucibus
648 2318 721 2387 augit
733 2319 831 2372 obesis.

102 2398 106 2406 ’
177 2389 290 2444 Labitur
302 2388 397 2442 infelix
409 2388 557 2441 studiomm
569 2396 651 2458 atque
664 2388 807 2441 immemor
819 2388 919 2443 herbae

176 2459 269 2512 Victor
280 2475 374 2528 equus,
389 2457 530 2526 fontesque
542 2459 670 2511 avertitur
682 2467 709 2511 et
721 2456 790 2527 pede
804 2467 901 2513 terram

175 2528 277 2582 Crebra
288 2527 365 2596 serit3
384 2527 521 2580 demissae
533 2544 627 2596 aures;
646 2527 762 2581 incertus
774 2526 876 2580 ibidem
982 2530 1033 2579 500

177 2598 311 2667 Sudor,et
322 2597 368 2650 ille
380 2596 492 2666 quidem
504 2597 637 2650 morituris
649 2595 776 2675 frigidus,
793 2604 851 2649 aret

177 2667 262 2722 Pellis
273 2677 301 2721 et
312 2666 348 2720 ad
361 2675 462 2720 tactum
475 2666 597 2719 tractanti
610 2666 677 2719 dura
690 2666 796 2719 resistit.

176 2738 254 2791 Haec
264 2745 328 2790 ante
340 2736 454 2790 exitium
466 2735 559 2805 primis
570 2735 634 2789 dant
647 2736 723 2805 signa
735 2734 833 2788 diebus
840 2751 849 2804 ;

176 2808 224 2861 Sin
236 2807 264 2860 iu
277 2823 404 2878 processu
416 2805 505 2875 coepit
517 2805 675 2859 crudescere
688 2805 804 2873 morbus,

176 2878 250 2931 Tum
262 2892 325 2929 vero
337 2875 464 2928 ardentes
475 2874 546 2928 oculi
558 2885 639 2945 atque
651 2883 781 2928 attractus
791 2873 827 2926 ab
838 2874 892 2926 alto
981 2879 1032 2927 505

176 2947 297 3016 Spiritus,
310 2945 445 2999 interdum
456 2945 559 3013 gemitu
571 2945 667 3014 gravis,
681 2944 789 3014 imaque
801 2942 880 3012 longo
918 2998 925 3008 x

175 3017 227 3070 Ilia
238 3014 356 3083 singultu
369 3015 490 3080 tendunt,
503 3014 524 3066 it
536 3015 646 3067 naribus
656 3023 715 3066 ater

116 3166 119 3171 ,
135 3130 253 3177 474-481.
270 3125 440 3175 Introduction
455 3133 481 3173 to
496 3141 511 3172 a
525 3125 613 3173 strikin

108 3186 228 3244 epidemic
243 3201 316 3234 amon
343 3184 418 3233 cattle
430 3184 455 3232 in
466 3185 508 3232 the
521 3183 598 3232 Noric
609 3141 674 3252 {ips
685 3199 715 3231 au
743 3184 775 3231 its
786 3182 994 3242 neighbourhood.
1003 3203 1034 3217 -·

108 3247 222 3294 list-485.
241 3201 413 3304 Complicated
423 3252 509 3292 nature
520 3242 548 3290 of
555 3243 597 3290 the
608 3243 710 3291 drsease.
720 3240 928 3309 -486—493311s
939 3240 1034 3308 sudden

109 3303 193 3359 effecta
209 3319 245 3353 on
257 3303 342 3363 sheep.
352 3305 448 3359 -494,
461 3305 514 3350 495.
532 3301 569 3350 Its
585 3301 679 3350 sudden
695 3300 781 3348 effecta
797 3315 829 3347 on
845 3299 934 3347 hersers
950 3314 975 3346 m
990 3297 1033 3344 tlre

108 3365 330 3424 pastam-496,
342 3365 398 3412 497.
417 3361 458 3410 On
468 3361 530 3422 dogs
546 3360 594 3409 aud
604 3361 690 3408 swina.
698 3362 852 3407 -498-592.
870 3357 1032 3423 Cemmenus·

109 3433 174 3473 roem
184 3422 216 3472 of
226 3421 271 3473 the
283 3421 380 3473 discsse
394 3421 420 3471 iu
433 3420 688 3471 horam-maort.
705 3417 823 3479 Progress
839 3415 867 3464 of
879 3415 921 3463 the
936 3414 1031 3462 drasam

109 3482 238 3535 auom.

647 3123 725 3173 deseri
743 3124 795 3174 tion
810 3123 838 3172 of
855 3138 887 3172 an
907 3124 1034 3174 autumna!
