<?xml version="1.0" encoding="UTF-8"?>
<!DOCTYPE html PUBLIC "-//W3C//DTD XHTML 1.0 Transitional//EN"
    "http://www.w3.org/TR/xhtml1/DTD/xhtml1-transitional.dtd">
<html xmlns="http://www.w3.org/1999/xhtml" xml:lang="en" lang="en">
 <head>
  <title>
</title>
<meta http-equiv="Content-Type" content="text/html;charset=utf-8" />
  <meta name='ocr-system' content='tesseract 3.04.00' />
  <meta name='ocr-capabilities' content='ocr_page ocr_carea ocr_par ocr_line ocrx_word'/>
</head>
<body>
  <div class='ocr_page' id='page_1' title='image "./carmina01virggoog_0384.png"; bbox 0 0 2242 3826; ppageno 0'>
   <div class='ocr_carea' id='block_1_1' title="bbox 494 174 642 233">
    <p class='ocr_par' dir='ltr' id='par_1_1' title="bbox 494 174 642 233">
     <span class='ocr_line' id='line_1_1' title="bbox 494 174 642 233; baseline 0.014 -2"><span class='ocrx_word' id='word_1_1' title='bbox 494 192 588 233; x_wconf 78' lang='lat' dir='ltr'>araas</span> <span class='ocrx_word' id='word_1_2' title='bbox 608 174 642 233; x_wconf 58' lang='lat' dir='ltr'>x}</span> 
     </span>
    </p>
   </div>
   <div class='ocr_carea' id='block_1_2' title="bbox 147 317 1072 3156">
    <p class='ocr_par' dir='ltr' id='par_1_2' title="bbox 178 317 857 510">
     <span class='ocr_line' id='line_1_2' title="bbox 178 317 830 391; baseline 0 -18"><span class='ocrx_word' id='word_1_3' title='bbox 178 319 252 374; x_wconf 87' lang='lat' dir='ltr'>Gens</span> <span class='ocrx_word' id='word_1_4' title='bbox 264 317 302 371; x_wconf 89' lang='lat' dir='ltr'>illi</span> <span class='ocrx_word' id='word_1_5' title='bbox 315 318 418 389; x_wconf 80' lang='lat' dir='ltr'>triplex,</span> <span class='ocrx_word' id='word_1_6' title='bbox 431 319 521 391; x_wconf 90' lang='lat' dir='ltr'>populi</span> <span class='ocrx_word' id='word_1_7' title='bbox 534 320 586 373; x_wconf 89' lang='lat' dir='ltr'>suh</span> <span class='ocrx_word' id='word_1_8' title='bbox 596 330 677 388; x_wconf 86' lang='lat' dir='ltr'>gente</span> <span class='ocrx_word' id='word_1_9' title='bbox 689 321 830 391; x_wconf 79' lang='lat' dir='ltr'>quaterni3</span> 
     </span>
     <span class='ocr_line' id='line_1_3' title="bbox 179 389 857 510; baseline 0.003 -70"><span class='ocrx_word' id='word_1_10' title='bbox 179 389 241 510; x_wconf 45' lang='lat' dir='ltr'>{psa</span> <span class='ocrx_word' id='word_1_11' title='bbox 252 398 333 458; x_wconf 91' lang='lat' dir='ltr'>capnt</span> <span class='ocrx_word' id='word_1_12' title='bbox 345 389 464 459; x_wconf 87' lang='lat' dir='ltr'>populis:</span> <span class='ocrx_word' id='word_1_13' title='bbox 484 389 573 441; x_wconf 88' lang='lat' dir='ltr'>Tusco</span> <span class='ocrx_word' id='word_1_14' title='bbox 585 390 619 441; x_wconf 88' lang='lat' dir='ltr'>de</span> <span class='ocrx_word' id='word_1_15' title='bbox 633 393 764 458; x_wconf 83' lang='lat' dir='ltr'>sanguine</span> <span class='ocrx_word' id='word_1_16' title='bbox 777 391 857 442; x_wconf 88' lang='lat' dir='ltr'>vires.</span> 
     </span>
    </p>

    <p class='ocr_par' dir='ltr' id='par_1_3' title="bbox 147 459 1035 1081">
     <span class='ocr_line' id='line_1_4' title="bbox 147 459 892 531; baseline 0.004 -22"><span class='ocrx_word' id='word_1_17' title='bbox 147 491 152 502; x_wconf 85' lang='lat'><strong>·</strong></span> <span class='ocrx_word' id='word_1_18' title='bbox 207 459 248 510; x_wconf 91' lang='lat' dir='ltr'>inc</span> <span class='ocrx_word' id='word_1_19' title='bbox 259 474 366 528; x_wconf 90' lang='lat' dir='ltr'>qnoque</span> <span class='ocrx_word' id='word_1_20' title='bbox 378 459 537 528; x_wconf 86' lang='lat' dir='ltr'>quingentos</span> <span class='ocrx_word' id='word_1_21' title='bbox 549 460 576 511; x_wconf 89' lang='lat' dir='ltr'>in</span> <span class='ocrx_word' id='word_1_22' title='bbox 589 474 618 510; x_wconf 89' lang='lat' dir='ltr'>se</span> <span class='ocrx_word' id='word_1_23' title='bbox 631 459 787 512; x_wconf 80' lang='lat' dir='ltr'>Mezentius</span> <span class='ocrx_word' id='word_1_24' title='bbox 797 467 892 531; x_wconf 89' lang='lat' dir='ltr'>armat,</span> 
     </span>
     <span class='ocr_line' id='line_1_5' title="bbox 180 527 1035 596; baseline 0.002 -18"><span class='ocrx_word' id='word_1_25' title='bbox 180 527 253 585; x_wconf 87' lang='lat' dir='ltr'>Quos</span> <span class='ocrx_word' id='word_1_26' title='bbox 264 538 339 595; x_wconf 89' lang='lat' dir='ltr'>patre</span> <span class='ocrx_word' id='word_1_27' title='bbox 351 528 457 580; x_wconf 86' lang='lat' dir='ltr'>Benaco</span> <span class='ocrx_word' id='word_1_28' title='bbox 469 527 575 580; x_wconf 82' lang='lat' dir='ltr'>velatus</span> <span class='ocrx_word' id='word_1_29' title='bbox 586 528 716 581; x_wconf 84' lang='lat' dir='ltr'>arundine</span> <span class='ocrx_word' id='word_1_30' title='bbox 728 529 824 596; x_wconf 85' lang='lat' dir='ltr'>glauca</span> <span class='ocrx_word' id='word_1_31' title='bbox 983 531 1035 582; x_wconf 88' lang='grc'>205</span> 
     </span>
     <span class='ocr_line' id='line_1_6' title="bbox 180 596 791 667; baseline 0 -19"><span class='ocrx_word' id='word_1_32' title='bbox 180 597 300 649; x_wconf 79' lang='lat' dir='ltr'>Mincius</span> <span class='ocrx_word' id='word_1_33' title='bbox 311 596 409 648; x_wconf 80' lang='lat' dir='ltr'>infesta</span> <span class='ocrx_word' id='word_1_34' title='bbox 420 596 537 649; x_wconf 84' lang='lat' dir='ltr'>ducebat</span> <span class='ocrx_word' id='word_1_35' title='bbox 549 597 575 648; x_wconf 90' lang='lat' dir='ltr'>in</span> <span class='ocrx_word' id='word_1_36' title='bbox 588 614 705 666; x_wconf 86' lang='lat' dir='ltr'>aequora</span> <span class='ocrx_word' id='word_1_37' title='bbox 718 599 791 667; x_wconf 88' lang='lat' dir='ltr'>pinu.</span> 
     </span>
     <span class='ocr_line' id='line_1_7' title="bbox 171 665 865 735; baseline 0.003 -17"><span class='ocrx_word' id='word_1_38' title='bbox 171 666 205 718; x_wconf 91' lang='lat' dir='ltr'>&#39;It</span> <span class='ocrx_word' id='word_1_39' title='bbox 217 665 306 733; x_wconf 85' lang='lat' dir='ltr'>gravis</span> <span class='ocrx_word' id='word_1_40' title='bbox 318 666 452 735; x_wconf 72' lang='lat' dir='ltr'><strong>Aulestes,</strong></span> <span class='ocrx_word' id='word_1_41' title='bbox 467 675 634 734; x_wconf 72' lang='lat' dir='ltr'>centenaque</span> <span class='ocrx_word' id='word_1_42' title='bbox 646 666 740 719; x_wconf 85' lang='lat' dir='ltr'>arbore</span> <span class='ocrx_word' id='word_1_43' title='bbox 752 667 865 720; x_wconf 85' lang='lat' dir='ltr'>fluctum</span> 
     </span>
     <span class='ocr_line' id='line_1_8' title="bbox 181 734 952 805; baseline 0.004 -19"><span class='ocrx_word' id='word_1_44' title='bbox 181 735 311 787; x_wconf 89' lang='lat' dir='ltr'>Verberat</span> <span class='ocrx_word' id='word_1_45' title='bbox 322 734 471 803; x_wconf 81' lang='lat' dir='ltr'>adsurgens</span> <span class='ocrx_word' id='word_1_46' title='bbox 477 752 485 803; x_wconf 75' lang='lat'><em>3</em></span> <span class='ocrx_word' id='word_1_47' title='bbox 504 744 628 805; x_wconf 87' lang='lat' dir='ltr'>spumant</span> <span class='ocrx_word' id='word_1_48' title='bbox 640 736 710 788; x_wconf 84' lang='lat' dir='ltr'>vada</span> <span class='ocrx_word' id='word_1_49' title='bbox 723 753 855 789; x_wconf 87' lang='lat' dir='ltr'>marmore</span> <span class='ocrx_word' id='word_1_50' title='bbox 868 752 952 790; x_wconf 86' lang='lat' dir='ltr'>verso.</span> 
     </span>
     <span class='ocr_line' id='line_1_9' title="bbox 181 803 954 858; baseline 0.003 -2"><span class='ocrx_word' id='word_1_51' title='bbox 181 804 259 857; x_wconf 91' lang='lat' dir='ltr'>Hunc</span> <span class='ocrx_word' id='word_1_52' title='bbox 271 803 346 856; x_wconf 83' lang='lat' dir='ltr'>vehit</span> <span class='ocrx_word' id='word_1_53' title='bbox 357 805 482 857; x_wconf 90' lang='lat' dir='ltr'>immanis</span> <span class='ocrx_word' id='word_1_54' title='bbox 494 805 586 858; x_wconf 81' lang='lat' dir='ltr'>Triton</span> <span class='ocrx_word' id='word_1_55' title='bbox 599 816 626 857; x_wconf 92' lang='lat' dir='ltr'>et</span> <span class='ocrx_word' id='word_1_56' title='bbox 638 806 745 857; x_wconf 84' lang='lat' dir='ltr'>caerula</span> <span class='ocrx_word' id='word_1_57' title='bbox 757 806 860 858; x_wconf 89' lang='lat' dir='ltr'>concha</span> <span class='ocrx_word' id='word_1_58' title='bbox 951 817 954 823; x_wconf 91' lang='grc'><em>·</em></span> 
     </span>
     <span class='ocr_line' id='line_1_10' title="bbox 183 873 1035 944; baseline 0 -18"><span class='ocrx_word' id='word_1_59' title='bbox 183 873 326 926; x_wconf 80' lang='lat' dir='ltr'>Exterreus</span> <span class='ocrx_word' id='word_1_60' title='bbox 337 873 421 942; x_wconf 84' lang='lat' dir='ltr'>freta;</span> <span class='ocrx_word' id='word_1_61' title='bbox 440 873 483 926; x_wconf 88' lang='lat' dir='ltr'>oui</span> <span class='ocrx_word' id='word_1_62' title='bbox 496 873 610 927; x_wconf 86' lang='lat' dir='ltr'>laterum</span> <span class='ocrx_word' id='word_1_63' title='bbox 624 882 701 926; x_wconf 86' lang='lat' dir='ltr'>tenus</span> <span class='ocrx_word' id='word_1_64' title='bbox 712 875 817 944; x_wconf 86' lang='lat' dir='ltr'>hispida</span> <span class='ocrx_word' id='word_1_65' title='bbox 829 874 903 928; x_wconf 90' lang='lat' dir='ltr'>nanti</span> <span class='ocrx_word' id='word_1_66' title='bbox 983 877 1035 928; x_wconf 81' lang='grc'>210</span> 
     </span>
     <span class='ocr_line' id='line_1_11' title="bbox 183 941 912 1015; baseline 0.003 -20"><span class='ocrx_word' id='word_1_67' title='bbox 183 941 266 998; x_wconf 87' lang='lat' dir='ltr'>Frons</span> <span class='ocrx_word' id='word_1_68' title='bbox 278 942 418 995; x_wconf 87' lang='lat' dir='ltr'>bominem</span> <span class='ocrx_word' id='word_1_69' title='bbox 427 943 550 1011; x_wconf 84' lang='lat' dir='ltr'>praefert,</span> <span class='ocrx_word' id='word_1_70' title='bbox 564 945 591 995; x_wconf 94' lang='lat' dir='ltr'>in</span> <span class='ocrx_word' id='word_1_71' title='bbox 603 944 695 1013; x_wconf 82' lang='lat' dir='ltr'>pristin</span> <span class='ocrx_word' id='word_1_72' title='bbox 708 944 807 997; x_wconf 83' lang='lat' dir='ltr'>desinit</span> <span class='ocrx_word' id='word_1_73' title='bbox 819 945 898 997; x_wconf 81' lang='lat' dir='ltr'>alvus</span> <span class='ocrx_word' id='word_1_74' title='bbox 904 960 912 1015; x_wconf 76' lang='lat'>3</span> 
     </span>
     <span class='ocr_line' id='line_1_12' title="bbox 182 1012 876 1081; baseline 0.001 -17"><span class='ocrx_word' id='word_1_75' title='bbox 182 1012 301 1081; x_wconf 83' lang='lat' dir='ltr'>Spumea</span> <span class='ocrx_word' id='word_1_76' title='bbox 313 1012 438 1064; x_wconf 79' lang='lat' dir='ltr'>semifero</span> <span class='ocrx_word' id='word_1_77' title='bbox 450 1012 501 1065; x_wconf 89' lang='lat' dir='ltr'>sub</span> <span class='ocrx_word' id='word_1_78' title='bbox 512 1021 620 1081; x_wconf 89' lang='lat' dir='ltr'>pectore</span> <span class='ocrx_word' id='word_1_79' title='bbox 633 1023 783 1066; x_wconf 87' lang='lat' dir='ltr'>murmurat</span> <span class='ocrx_word' id='word_1_80' title='bbox 795 1012 876 1067; x_wconf 87' lang='lat' dir='ltr'>unda.</span> 
     </span>
    </p>

    <p class='ocr_par' dir='ltr' id='par_1_4' title="bbox 182 1080 883 1220">
     <span class='ocr_line' id='line_1_13' title="bbox 218 1080 833 1151; baseline 0.005 -20"><span class='ocrx_word' id='word_1_81' title='bbox 218 1080 268 1132; x_wconf 89' lang='lat' dir='ltr'>Tot</span> <span class='ocrx_word' id='word_1_82' title='bbox 282 1080 344 1133; x_wconf 91' lang='lat' dir='ltr'>lecti</span> <span class='ocrx_word' id='word_1_83' title='bbox 357 1097 482 1151; x_wconf 79' lang='lat' dir='ltr'>proceres</span> <span class='ocrx_word' id='word_1_84' title='bbox 493 1091 534 1134; x_wconf 88' lang='lat' dir='ltr'>ter</span> <span class='ocrx_word' id='word_1_85' title='bbox 545 1081 622 1134; x_wconf 75' lang='lat' dir='ltr'>derna</span> <span class='ocrx_word' id='word_1_86' title='bbox 634 1082 747 1135; x_wconf 88' lang='lat' dir='ltr'>navibus</span> <span class='ocrx_word' id='word_1_87' title='bbox 758 1083 833 1136; x_wconf 89' lang='lat' dir='ltr'>ibant</span> 
     </span>
     <span class='ocr_line' id='line_1_14' title="bbox 182 1147 883 1220; baseline 0.001 -18"><span class='ocrx_word' id='word_1_88' title='bbox 182 1147 306 1202; x_wconf 82' lang='lat' dir='ltr'>Subsidio</span> <span class='ocrx_word' id='word_1_89' title='bbox 318 1150 420 1220; x_wconf 86' lang='lat' dir='ltr'>Trojae,</span> <span class='ocrx_word' id='word_1_90' title='bbox 434 1159 461 1202; x_wconf 91' lang='lat' dir='ltr'>et</span> <span class='ocrx_word' id='word_1_91' title='bbox 473 1167 584 1220; x_wconf 88' lang='lat' dir='ltr'>campos</span> <span class='ocrx_word' id='word_1_92' title='bbox 595 1151 659 1204; x_wconf 88' lang='lat' dir='ltr'>salis</span> <span class='ocrx_word' id='word_1_93' title='bbox 670 1168 733 1204; x_wconf 89' lang='lat' dir='ltr'>aere</span> <span class='ocrx_word' id='word_1_94' title='bbox 746 1152 883 1204; x_wconf 84' lang='lat' dir='ltr'>secabant.</span> 
     </span>
    </p>

    <p class='ocr_par' dir='ltr' id='par_1_5' title="bbox 181 1219 1033 1428">
     <span class='ocr_line' id='line_1_15' title="bbox 216 1219 1033 1289; baseline 0.004 -17"><span class='ocrx_word' id='word_1_95' title='bbox 216 1219 332 1288; x_wconf 86' lang='lat' dir='ltr'>Jamque</span> <span class='ocrx_word' id='word_1_96' title='bbox 344 1219 404 1272; x_wconf 87' lang='lat' dir='ltr'>dies</span> <span class='ocrx_word' id='word_1_97' title='bbox 415 1219 490 1272; x_wconf 90' lang='lat' dir='ltr'>coelo</span> <span class='ocrx_word' id='word_1_98' title='bbox 502 1228 678 1288; x_wconf 79' lang='lat' dir='ltr'>concesserat,</span> <span class='ocrx_word' id='word_1_99' title='bbox 692 1221 819 1289; x_wconf 88' lang='lat' dir='ltr'>almaque</span> <span class='ocrx_word' id='word_1_100' title='bbox 831 1236 919 1274; x_wconf 91' lang='lat' dir='ltr'>curru.</span> <span class='ocrx_word' id='word_1_101' title='bbox 982 1225 1033 1275; x_wconf 85' lang='grc'>215</span> 
     </span>
     <span class='ocr_line' id='line_1_16' title="bbox 181 1288 895 1360; baseline 0 -18"><span class='ocrx_word' id='word_1_102' title='bbox 181 1288 330 1356; x_wconf 80' lang='lat' dir='ltr'>Noctivago</span> <span class='ocrx_word' id='word_1_103' title='bbox 343 1288 452 1342; x_wconf 88' lang='lat' dir='ltr'>Phoebe</span> <span class='ocrx_word' id='word_1_104' title='bbox 464 1289 585 1342; x_wconf 88' lang='lat' dir='ltr'>medium</span> <span class='ocrx_word' id='word_1_105' title='bbox 598 1289 721 1359; x_wconf 82' lang='lat' dir='ltr'>pulsabat</span> <span class='ocrx_word' id='word_1_106' title='bbox 733 1289 895 1360; x_wconf 85' lang='lat' dir='ltr'>Olympum:</span> 
     </span>
     <span class='ocr_line' id='line_1_17' title="bbox 182 1358 948 1428; baseline 0.003 -18"><span class='ocrx_word' id='word_1_107' title='bbox 182 1360 415 1427; x_wconf 85' lang='lat' dir='ltr'>Aeneas-neque</span> <span class='ocrx_word' id='word_1_108' title='bbox 428 1358 504 1411; x_wconf 92' lang='lat' dir='ltr'>enim</span> <span class='ocrx_word' id='word_1_109' title='bbox 516 1360 646 1412; x_wconf 89' lang='lat' dir='ltr'>membris</span> <span class='ocrx_word' id='word_1_110' title='bbox 657 1359 702 1411; x_wconf 90' lang='lat' dir='ltr'>dat</span> <span class='ocrx_word' id='word_1_111' title='bbox 715 1376 779 1411; x_wconf 88' lang='lat' dir='ltr'>cura</span> <span class='ocrx_word' id='word_1_112' title='bbox 791 1359 948 1428; x_wconf 91' lang='lat' dir='ltr'>quietem-</span> 
     </span>
    </p>

    <p class='ocr_par' dir='ltr' id='par_1_6' title="bbox 181 1426 894 1497">
     <span class='ocr_line' id='line_1_18' title="bbox 181 1426 894 1497; baseline 0.001 -18"><span class='ocrx_word' id='word_1_113' title='bbox 181 1426 244 1495; x_wconf 91' lang='lat' dir='ltr'>Ipse</span> <span class='ocrx_word' id='word_1_114' title='bbox 257 1426 355 1480; x_wconf 86' lang='lat' dir='ltr'>sedens</span> <span class='ocrx_word' id='word_1_115' title='bbox 366 1428 528 1497; x_wconf 85' lang='lat' dir='ltr'>clavumque</span> <span class='ocrx_word' id='word_1_116' title='bbox 542 1428 608 1496; x_wconf 84' lang='lat' dir='ltr'>regit</span> <span class='ocrx_word' id='word_1_117' title='bbox 621 1428 740 1497; x_wconf 84' lang='lat' dir='ltr'>velisque</span> <span class='ocrx_word' id='word_1_118' title='bbox 753 1429 894 1481; x_wconf 87' lang='lat' dir='ltr'>ministrat.</span> 
     </span>
    </p>

    <p class='ocr_par' dir='ltr' id='par_1_7' title="bbox 182 1496 1035 1777">
     <span class='ocr_line' id='line_1_19' title="bbox 182 1496 1021 1568; baseline 0.002 -19"><span class='ocrx_word' id='word_1_119' title='bbox 182 1499 273 1565; x_wconf 87' lang='lat' dir='ltr'>Atque</span> <span class='ocrx_word' id='word_1_120' title='bbox 286 1497 324 1549; x_wconf 89' lang='lat' dir='ltr'>illi</span> <span class='ocrx_word' id='word_1_121' title='bbox 335 1497 425 1549; x_wconf 89' lang='lat' dir='ltr'>medio</span> <span class='ocrx_word' id='word_1_122' title='bbox 437 1496 465 1548; x_wconf 92' lang='lat' dir='ltr'>in</span> <span class='ocrx_word' id='word_1_123' title='bbox 477 1496 562 1566; x_wconf 84' lang='lat' dir='ltr'>spatio</span> <span class='ocrx_word' id='word_1_124' title='bbox 574 1497 678 1567; x_wconf 86' lang='lat' dir='ltr'>chorus,</span> <span class='ocrx_word' id='word_1_125' title='bbox 692 1514 765 1568; x_wconf 89' lang='lat' dir='ltr'>ecce,</span> <span class='ocrx_word' id='word_1_126' title='bbox 780 1514 888 1550; x_wconf 87' lang='lat' dir='ltr'>suarum</span> <span class='ocrx_word' id='word_1_127' title='bbox 1018 1534 1021 1539; x_wconf 90' lang='lat'>-</span> 
     </span>
     <span class='ocr_line' id='line_1_20' title="bbox 183 1565 1035 1637; baseline 0.004 -20"><span class='ocrx_word' id='word_1_128' title='bbox 183 1566 303 1618; x_wconf 83' lang='lat' dir='ltr'>Occurrit</span> <span class='ocrx_word' id='word_1_129' title='bbox 314 1569 459 1619; x_wconf 88' lang='lat' dir='ltr'>comitum:</span> <span class='ocrx_word' id='word_1_130' title='bbox 478 1565 631 1636; x_wconf 82' lang='lat' dir='ltr'>Nymphae,</span> <span class='ocrx_word' id='word_1_131' title='bbox 644 1584 712 1636; x_wconf 89' lang='lat' dir='ltr'>quas</span> <span class='ocrx_word' id='word_1_132' title='bbox 723 1567 796 1619; x_wconf 87' lang='lat' dir='ltr'>alma</span> <span class='ocrx_word' id='word_1_133' title='bbox 807 1567 918 1637; x_wconf 90' lang='lat' dir='ltr'>Cybebe</span> <span class='ocrx_word' id='word_1_134' title='bbox 983 1571 1035 1620; x_wconf 98' lang='grc'>220</span> 
     </span>
     <span class='ocr_line' id='line_1_21' title="bbox 182 1635 933 1706; baseline 0.005 -20"><span class='ocrx_word' id='word_1_135' title='bbox 182 1635 210 1687; x_wconf 94' lang='lat' dir='ltr'>N</span> <span class='ocrx_word' id='word_1_136' title='bbox 212 1651 292 1687; x_wconf 90' lang='lat' dir='ltr'>umen</span> <span class='ocrx_word' id='word_1_137' title='bbox 305 1635 405 1688; x_wconf 88' lang='lat' dir='ltr'>habere</span> <span class='ocrx_word' id='word_1_138' title='bbox 418 1635 499 1688; x_wconf 89' lang='lat' dir='ltr'>maris</span> <span class='ocrx_word' id='word_1_139' title='bbox 510 1637 535 1688; x_wconf 96' lang='lat' dir='ltr'>N</span> <span class='ocrx_word' id='word_1_140' title='bbox 537 1635 705 1706; x_wconf 89' lang='lat' dir='ltr'>ymphasque</span> <span class='ocrx_word' id='word_1_141' title='bbox 718 1654 734 1690; x_wconf 94' lang='lat' dir='ltr'>e</span> <span class='ocrx_word' id='word_1_142' title='bbox 747 1637 860 1690; x_wconf 88' lang='lat' dir='ltr'>navibus</span> <span class='ocrx_word' id='word_1_143' title='bbox 872 1653 933 1690; x_wconf 88' lang='lat' dir='ltr'>esse</span> 
     </span>
     <span class='ocr_line' id='line_1_22' title="bbox 182 1704 874 1777; baseline 0.004 -22"><span class='ocrx_word' id='word_1_144' title='bbox 182 1704 311 1774; x_wconf 80' lang='lat' dir='ltr'>iusserat,</span> <span class='ocrx_word' id='word_1_145' title='bbox 326 1705 452 1757; x_wconf 87' lang='lat' dir='ltr'>innabant</span> <span class='ocrx_word' id='word_1_146' title='bbox 465 1705 562 1773; x_wconf 88' lang='lat' dir='ltr'>pariter</span> <span class='ocrx_word' id='word_1_147' title='bbox 575 1705 725 1774; x_wconf 87' lang='lat' dir='ltr'>fluctusque</span> <span class='ocrx_word' id='word_1_148' title='bbox 738 1705 874 1777; x_wconf 81' lang='lat' dir='ltr'>secabant,</span> 
     </span>
    </p>

    <p class='ocr_par' dir='ltr' id='par_1_8' title="bbox 183 1773 843 1843">
     <span class='ocr_line' id='line_1_23' title="bbox 183 1773 843 1843; baseline 0.005 -19"><span class='ocrx_word' id='word_1_149' title='bbox 183 1773 253 1832; x_wconf 87' lang='lat' dir='ltr'>Quot</span> <span class='ocrx_word' id='word_1_150' title='bbox 265 1775 338 1842; x_wconf 90' lang='lat' dir='ltr'>prius</span> <span class='ocrx_word' id='word_1_151' title='bbox 348 1780 456 1826; x_wconf 84' lang='lat' dir='ltr'>aeratae</span> <span class='ocrx_word' id='word_1_152' title='bbox 469 1782 596 1826; x_wconf 88' lang='lat' dir='ltr'>steterant</span> <span class='ocrx_word' id='word_1_153' title='bbox 608 1774 642 1827; x_wconf 89' lang='lat' dir='ltr'>ad</span> <span class='ocrx_word' id='word_1_154' title='bbox 655 1774 731 1827; x_wconf 88' lang='lat' dir='ltr'>litora</span> <span class='ocrx_word' id='word_1_155' title='bbox 742 1791 843 1843; x_wconf 86' lang='lat' dir='ltr'>prorae.</span> 
     </span>
    </p>

    <p class='ocr_par' dir='ltr' id='par_1_9' title="bbox 183 1842 846 1912">
     <span class='ocr_line' id='line_1_24' title="bbox 183 1842 846 1912; baseline 0.005 -18"><span class='ocrx_word' id='word_1_156' title='bbox 183 1844 338 1910; x_wconf 82' lang='lat' dir='ltr'>Agnoscunt</span> <span class='ocrx_word' id='word_1_157' title='bbox 351 1842 429 1910; x_wconf 86' lang='lat' dir='ltr'>louge</span> <span class='ocrx_word' id='word_1_158' title='bbox 442 1859 541 1910; x_wconf 88' lang='lat' dir='ltr'>regem,</span> <span class='ocrx_word' id='word_1_159' title='bbox 555 1843 719 1912; x_wconf 86' lang='lat' dir='ltr'>lustrantque</span> <span class='ocrx_word' id='word_1_160' title='bbox 731 1843 846 1897; x_wconf 84' lang='lat' dir='ltr'>choreis.</span> 
     </span>
    </p>

    <p class='ocr_par' dir='ltr' id='par_1_10' title="bbox 182 1911 1035 2120">
     <span class='ocr_line' id='line_1_25' title="bbox 182 1911 1035 1981; baseline 0 -18"><span class='ocrx_word' id='word_1_161' title='bbox 182 1911 302 1968; x_wconf 79' lang='lat' dir='ltr'>Quarum</span> <span class='ocrx_word' id='word_1_162' title='bbox 315 1928 385 1981; x_wconf 87' lang='lat' dir='ltr'>quae</span> <span class='ocrx_word' id='word_1_163' title='bbox 397 1911 470 1964; x_wconf 79' lang='lat' dir='ltr'>fandi</span> <span class='ocrx_word' id='word_1_164' title='bbox 482 1911 637 1964; x_wconf 88' lang='lat' dir='ltr'>doctissima</span> <span class='ocrx_word' id='word_1_165' title='bbox 648 1913 827 1981; x_wconf 82' lang='lat' dir='ltr'>Cymodocea,</span> <span class='ocrx_word' id='word_1_166' title='bbox 984 1915 1035 1964; x_wconf 87' lang='grc'>225</span> 
     </span>
     <span class='ocr_line' id='line_1_26' title="bbox 183 1980 923 2051; baseline 0.001 -18"><span class='ocrx_word' id='word_1_167' title='bbox 183 1980 256 2033; x_wconf 89' lang='lat' dir='ltr'>Pone</span> <span class='ocrx_word' id='word_1_168' title='bbox 268 1997 386 2050; x_wconf 90' lang='lat' dir='ltr'>sequeus</span> <span class='ocrx_word' id='word_1_169' title='bbox 397 1980 490 2033; x_wconf 81' lang='lat' dir='ltr'>dextra</span> <span class='ocrx_word' id='word_1_170' title='bbox 503 1981 612 2050; x_wconf 90' lang='lat' dir='ltr'>puppim</span> <span class='ocrx_word' id='word_1_171' title='bbox 626 1990 707 2050; x_wconf 88' lang='lat' dir='ltr'>tenet,</span> <span class='ocrx_word' id='word_1_172' title='bbox 721 1981 833 2051; x_wconf 86' lang='lat' dir='ltr'>ipsaque</span> <span class='ocrx_word' id='word_1_173' title='bbox 844 1980 923 2034; x_wconf 83' lang='lat' dir='ltr'>dorso</span> 
     </span>
     <span class='ocr_line' id='line_1_27' title="bbox 185 2049 814 2120; baseline 0.002 -18"><span class='ocrx_word' id='word_1_174' title='bbox 185 2049 302 2118; x_wconf 85' lang='lat' dir='ltr'>Eminet,</span> <span class='ocrx_word' id='word_1_175' title='bbox 315 2067 349 2102; x_wconf 92' lang='lat' dir='ltr'>ac</span> <span class='ocrx_word' id='word_1_176' title='bbox 360 2049 438 2102; x_wconf 86' lang='lat' dir='ltr'>laeva</span> <span class='ocrx_word' id='word_1_177' title='bbox 451 2051 538 2102; x_wconf 86' lang='lat' dir='ltr'>tacitis</span> <span class='ocrx_word' id='word_1_178' title='bbox 550 2050 715 2120; x_wconf 86' lang='lat' dir='ltr'>subremigat</span> <span class='ocrx_word' id='word_1_179' title='bbox 727 2051 814 2104; x_wconf 86' lang='lat' dir='ltr'>undis.</span> 
     </span>
    </p>

    <p class='ocr_par' dir='ltr' id='par_1_11' title="bbox 184 2116 975 2256">
     <span class='ocr_line' id='line_1_28' title="bbox 184 2116 975 2198; baseline 0.004 -28"><span class='ocrx_word' id='word_1_180' title='bbox 184 2116 254 2170; x_wconf 88' lang='lat' dir='ltr'>Tum</span> <span class='ocrx_word' id='word_1_181' title='bbox 266 2118 306 2171; x_wconf 87' lang='lat' dir='ltr'>sic</span> <span class='ocrx_word' id='word_1_182' title='bbox 317 2119 440 2179; x_wconf 80' lang='lat' dir='ltr'>ignarum</span> <span class='ocrx_word' id='word_1_183' title='bbox 451 2119 609 2198; x_wconf 89' lang='lat' dir='ltr'>alloquitur:</span> <span class='ocrx_word' id='word_1_184' title='bbox 630 2120 790 2190; x_wconf 62' lang='lat' dir='ltr'>‘vigilasne</span> <span class='ocrx_word' id='word_1_185' title='bbox 803 2119 887 2174; x_wconf 87' lang='lat' dir='ltr'>deum</span> <span class='ocrx_word' id='word_1_186' title='bbox 899 2135 975 2190; x_wconf 85' lang='lat' dir='ltr'>gens,</span> 
     </span>
     <span class='ocr_line' id='line_1_29' title="bbox 184 2187 805 2256; baseline 0.005 -16"><span class='ocrx_word' id='word_1_187' title='bbox 184 2188 300 2240; x_wconf 77' lang='lat' dir='ltr'>Aeneai</span> <span class='ocrx_word' id='word_1_188' title='bbox 318 2187 413 2256; x_wconf 85' lang='lat' dir='ltr'>Vigila,</span> <span class='ocrx_word' id='word_1_189' title='bbox 427 2197 454 2241; x_wconf 92' lang='lat' dir='ltr'>et</span> <span class='ocrx_word' id='word_1_190' title='bbox 466 2188 534 2241; x_wconf 83' lang='lat' dir='ltr'>velte</span> <span class='ocrx_word' id='word_1_191' title='bbox 545 2188 663 2241; x_wconf 87' lang='lat' dir='ltr'>immitte</span> <span class='ocrx_word' id='word_1_192' title='bbox 676 2189 805 2243; x_wconf 87' lang='lat' dir='ltr'>rudentis.</span> 
     </span>
    </p>

    <p class='ocr_par' dir='ltr' id='par_1_12' title="bbox 183 2255 1037 2602">
     <span class='ocr_line' id='line_1_30' title="bbox 183 2255 1037 2329; baseline 0.002 -21"><span class='ocrx_word' id='word_1_193' title='bbox 183 2255 241 2308; x_wconf 94' lang='lat' dir='ltr'>Nos</span> <span class='ocrx_word' id='word_1_194' title='bbox 253 2273 354 2326; x_wconf 86' lang='lat' dir='ltr'>sumus,</span> <span class='ocrx_word' id='word_1_195' title='bbox 368 2257 465 2309; x_wconf 88' lang='lat' dir='ltr'>idaeae</span> <span class='ocrx_word' id='word_1_196' title='bbox 478 2274 552 2310; x_wconf 89' lang='lat' dir='ltr'>sacro</span> <span class='ocrx_word' id='word_1_197' title='bbox 565 2257 600 2310; x_wconf 90' lang='lat' dir='ltr'>de</span> <span class='ocrx_word' id='word_1_198' title='bbox 612 2260 711 2312; x_wconf 87' lang='lat' dir='ltr'>vertice</span> <span class='ocrx_word' id='word_1_199' title='bbox 723 2261 809 2329; x_wconf 89' lang='lat' dir='ltr'>pinus,</span> <span class='ocrx_word' id='word_1_200' title='bbox 985 2261 1037 2310; x_wconf 78' lang='grc'>220</span> 
     </span>
     <span class='ocr_line' id='line_1_31' title="bbox 184 2325 965 2395; baseline 0.001 -17"><span class='ocrx_word' id='word_1_201' title='bbox 184 2325 264 2378; x_wconf 88' lang='lat' dir='ltr'>Nunc</span> <span class='ocrx_word' id='word_1_202' title='bbox 275 2325 364 2394; x_wconf 83' lang='lat' dir='ltr'>pelagi</span> <span class='ocrx_word' id='word_1_203' title='bbox 375 2327 448 2395; x_wconf 87' lang='lat' dir='ltr'>Nym</span> <span class='ocrx_word' id='word_1_204' title='bbox 470 2326 529 2394; x_wconf 88' lang='lat' dir='ltr'>hae,</span> <span class='ocrx_word' id='word_1_205' title='bbox 542 2327 636 2381; x_wconf 88' lang='lat' dir='ltr'>elassis</span> <span class='ocrx_word' id='word_1_206' title='bbox 649 2338 704 2380; x_wconf 84' lang='lat' dir='ltr'>tua.</span> <span class='ocrx_word' id='word_1_207' title='bbox 741 2327 862 2381; x_wconf 83' lang='lat' dir='ltr'>Perfidus</span> <span class='ocrx_word' id='word_1_208' title='bbox 874 2336 904 2380; x_wconf 90' lang='lat' dir='ltr'>ut</span> <span class='ocrx_word' id='word_1_209' title='bbox 916 2343 965 2380; x_wconf 88' lang='lat' dir='ltr'>noe</span> 
     </span>
     <span class='ocr_line' id='line_1_32' title="bbox 185 2344 895 2466; baseline 0.001 -20"><span class='ocrx_word' id='word_1_210' title='bbox 185 2394 350 2463; x_wconf 85' lang='lat' dir='ltr'>Praecipites</span> <span class='ocrx_word' id='word_1_211' title='bbox 363 2394 431 2447; x_wconf 89' lang='lat' dir='ltr'>lerro</span> <span class='ocrx_word' id='word_1_212' title='bbox 443 2344 559 2448; x_wconf 64' lang='lat' dir='ltr'>liutulus</span> <span class='ocrx_word' id='word_1_213' title='bbox 570 2397 735 2465; x_wconf 87' lang='lat' dir='ltr'>flammaque</span> <span class='ocrx_word' id='word_1_214' title='bbox 747 2396 895 2466; x_wconf 86' lang='lat' dir='ltr'>premebat,</span> 
     </span>
     <span class='ocr_line' id='line_1_33' title="bbox 184 2462 877 2534; baseline 0 -19"><span class='ocrx_word' id='word_1_215' title='bbox 184 2462 316 2531; x_wconf 89' lang='lat' dir='ltr'>Rupimue</span> <span class='ocrx_word' id='word_1_216' title='bbox 328 2464 427 2515; x_wconf 81' lang='lat' dir='ltr'>invitae</span> <span class='ocrx_word' id='word_1_217' title='bbox 440 2473 484 2516; x_wconf 89' lang='lat' dir='ltr'>tua</span> <span class='ocrx_word' id='word_1_218' title='bbox 497 2465 611 2534; x_wconf 87' lang='lat' dir='ltr'>vincula,</span> <span class='ocrx_word' id='word_1_219' title='bbox 625 2473 706 2534; x_wconf 90' lang='lat' dir='ltr'>teque</span> <span class='ocrx_word' id='word_1_220' title='bbox 718 2481 766 2534; x_wconf 89' lang='lat' dir='ltr'>per</span> <span class='ocrx_word' id='word_1_221' title='bbox 777 2481 877 2533; x_wconf 91' lang='lat' dir='ltr'>aequor</span> 
     </span>
     <span class='ocr_line' id='line_1_34' title="bbox 185 2531 960 2602; baseline 0.001 -19"><span class='ocrx_word' id='word_1_222' title='bbox 185 2531 353 2590; x_wconf 83' lang='lat' dir='ltr'>Quaerimus.</span> <span class='ocrx_word' id='word_1_223' title='bbox 370 2573 372 2576; x_wconf 43' lang='lat'>&gt;</span> <span class='ocrx_word' id='word_1_224' title='bbox 389 2534 465 2585; x_wconf 88' lang='lat' dir='ltr'>Hanc</span> <span class='ocrx_word' id='word_1_225' title='bbox 477 2535 597 2602; x_wconf 84' lang='lat' dir='ltr'>genetrix</span> <span class='ocrx_word' id='word_1_226' title='bbox 609 2534 707 2587; x_wconf 81' lang='lat' dir='ltr'>faciem</span> <span class='ocrx_word' id='word_1_227' title='bbox 720 2533 847 2585; x_wconf 87' lang='lat' dir='ltr'>miserata</span> <span class='ocrx_word' id='word_1_228' title='bbox 859 2531 960 2602; x_wconf 78' lang='lat' dir='ltr'>refecit,</span> 
     </span>
    </p>

    <p class='ocr_par' dir='ltr' id='par_1_13' title="bbox 184 2600 1036 2742">
     <span class='ocr_line' id='line_1_35' title="bbox 185 2600 1036 2672; baseline 0.001 -19"><span class='ocrx_word' id='word_1_229' title='bbox 185 2600 219 2653; x_wconf 90' lang='lat' dir='ltr'>Et</span> <span class='ocrx_word' id='word_1_230' title='bbox 231 2601 306 2653; x_wconf 88' lang='lat' dir='ltr'>dedit</span> <span class='ocrx_word' id='word_1_231' title='bbox 318 2619 378 2654; x_wconf 88' lang='lat' dir='ltr'>esse</span> <span class='ocrx_word' id='word_1_232' title='bbox 390 2602 457 2654; x_wconf 88' lang='lat' dir='ltr'>deas</span> <span class='ocrx_word' id='word_1_233' title='bbox 467 2619 620 2672; x_wconf 87' lang='lat' dir='ltr'>aevumque</span> <span class='ocrx_word' id='word_1_234' title='bbox 632 2604 733 2671; x_wconf 87' lang='lat' dir='ltr'>agitare</span> <span class='ocrx_word' id='word_1_235' title='bbox 746 2602 797 2655; x_wconf 86' lang='lat' dir='ltr'>sub</span> <span class='ocrx_word' id='word_1_236' title='bbox 809 2601 897 2654; x_wconf 87' lang='lat' dir='ltr'>nudis.</span> <span class='ocrx_word' id='word_1_237' title='bbox 985 2604 1036 2654; x_wconf 82' lang='grc'>225</span> 
     </span>
     <span class='ocr_line' id='line_1_36' title="bbox 184 2671 794 2742; baseline 0.002 -20"><span class='ocrx_word' id='word_1_238' title='bbox 184 2671 220 2722; x_wconf 89' lang='lat' dir='ltr'>At</span> <span class='ocrx_word' id='word_1_239' title='bbox 233 2686 300 2738; x_wconf 90' lang='lat' dir='ltr'>puer</span> <span class='ocrx_word' id='word_1_240' title='bbox 311 2671 444 2740; x_wconf 87' lang='lat' dir='ltr'>Ascanius</span> <span class='ocrx_word' id='word_1_241' title='bbox 456 2689 531 2724; x_wconf 89' lang='lat' dir='ltr'>muro</span> <span class='ocrx_word' id='word_1_242' title='bbox 544 2672 675 2742; x_wconf 84' lang='lat' dir='ltr'>fossisque</span> <span class='ocrx_word' id='word_1_243' title='bbox 688 2681 794 2724; x_wconf 88' lang='lat' dir='ltr'>tenetur</span> 
     </span>
    </p>

    <p class='ocr_par' dir='ltr' id='par_1_14' title="bbox 183 2738 897 2810">
     <span class='ocr_line' id='line_1_37' title="bbox 183 2738 897 2810; baseline 0.003 -20"><span class='ocrx_word' id='word_1_244' title='bbox 183 2738 250 2790; x_wconf 89' lang='lat' dir='ltr'>Tela</span> <span class='ocrx_word' id='word_1_245' title='bbox 263 2740 330 2792; x_wconf 90' lang='lat' dir='ltr'>inter</span> <span class='ocrx_word' id='word_1_246' title='bbox 342 2740 432 2793; x_wconf 88' lang='lat' dir='ltr'>media</span> <span class='ocrx_word' id='word_1_247' title='bbox 443 2750 524 2810; x_wconf 91' lang='lat' dir='ltr'>atque</span> <span class='ocrx_word' id='word_1_248' title='bbox 536 2740 667 2795; x_wconf 88' lang='lat' dir='ltr'>horrentis</span> <span class='ocrx_word' id='word_1_249' title='bbox 678 2742 766 2794; x_wconf 89' lang='lat' dir='ltr'>Marte</span> <span class='ocrx_word' id='word_1_250' title='bbox 779 2740 897 2794; x_wconf 84' lang='lat' dir='ltr'>Latinos.</span> 
     </span>
    </p>

    <p class='ocr_par' dir='ltr' id='par_1_15' title="bbox 182 2807 845 2880">
     <span class='ocr_line' id='line_1_38' title="bbox 182 2807 845 2880; baseline 0 -18"><span class='ocrx_word' id='word_1_251' title='bbox 182 2808 244 2862; x_wconf 82' lang='lat' dir='ltr'>Jam</span> <span class='ocrx_word' id='word_1_252' title='bbox 258 2807 316 2861; x_wconf 86' lang='lat' dir='ltr'>loca</span> <span class='ocrx_word' id='word_1_253' title='bbox 327 2807 401 2878; x_wconf 86' lang='lat' dir='ltr'>jussa</span> <span class='ocrx_word' id='word_1_254' title='bbox 412 2818 486 2862; x_wconf 90' lang='lat' dir='ltr'>tenet</span> <span class='ocrx_word' id='word_1_255' title='bbox 498 2809 556 2863; x_wconf 87' lang='lat' dir='ltr'>lorti</span> <span class='ocrx_word' id='word_1_256' title='bbox 568 2811 718 2880; x_wconf 84' lang='lat' dir='ltr'>permixtus</span> <span class='ocrx_word' id='word_1_257' title='bbox 731 2811 845 2863; x_wconf 87' lang='lat' dir='ltr'>Etrusco</span> 
     </span>
    </p>

    <p class='ocr_par' dir='ltr' id='par_1_16' title="bbox 183 2879 834 2949">
     <span class='ocr_line' id='line_1_39' title="bbox 183 2879 834 2949; baseline 0.002 -20"><span class='ocrx_word' id='word_1_258' title='bbox 183 2880 269 2929; x_wconf 87' lang='lat' dir='ltr'>Arcas</span> <span class='ocrx_word' id='word_1_259' title='bbox 280 2894 365 2946; x_wconf 87' lang='lat' dir='ltr'>eques</span> <span class='ocrx_word' id='word_1_260' title='bbox 372 2894 380 2947; x_wconf 80' lang='lat'>3</span> <span class='ocrx_word' id='word_1_261' title='bbox 398 2879 505 2932; x_wconf 89' lang='lat' dir='ltr'>medias</span> <span class='ocrx_word' id='word_1_262' title='bbox 517 2880 570 2931; x_wconf 89' lang='lat' dir='ltr'>illis</span> <span class='ocrx_word' id='word_1_263' title='bbox 581 2896 714 2949; x_wconf 91' lang='lat' dir='ltr'>opponere</span> <span class='ocrx_word' id='word_1_264' title='bbox 726 2888 834 2948; x_wconf 89' lang='lat' dir='ltr'>turmas,</span> 
     </span>
    </p>

    <p class='ocr_par' dir='ltr' id='par_1_17' title="bbox 182 2946 1072 3086">
     <span class='ocr_line' id='line_1_40' title="bbox 182 2946 1072 3017; baseline -0.001 -18"><span class='ocrx_word' id='word_1_265' title='bbox 182 2946 226 2999; x_wconf 90' lang='lat' dir='ltr'>Ne</span> <span class='ocrx_word' id='word_1_266' title='bbox 239 2948 332 3000; x_wconf 88' lang='lat' dir='ltr'>castris</span> <span class='ocrx_word' id='word_1_267' title='bbox 342 2946 462 3017; x_wconf 82' lang='lat' dir='ltr'>jungant,</span> <span class='ocrx_word' id='word_1_268' title='bbox 476 2957 549 3000; x_wconf 89' lang='lat' dir='ltr'>certa</span> <span class='ocrx_word' id='word_1_269' title='bbox 561 2959 601 3001; x_wconf 88' lang='lat' dir='ltr'>est</span> <span class='ocrx_word' id='word_1_270' title='bbox 614 2949 747 3001; x_wconf 86' lang='lat' dir='ltr'>sententia</span> <span class='ocrx_word' id='word_1_271' title='bbox 759 2947 856 3000; x_wconf 87' lang='lat' dir='ltr'>Turno.</span> <span class='ocrx_word' id='word_1_272' title='bbox 984 2949 1036 2999; x_wconf 71' lang='grc'>200</span> <span class='ocrx_word' id='word_1_273' title='bbox 1071 3001 1072 3004; x_wconf 60' lang='grc'>,</span> 
     </span>
     <span class='ocr_line' id='line_1_41' title="bbox 182 3013 827 3086; baseline 0.002 -19"><span class='ocrx_word' id='word_1_274' title='bbox 182 3013 266 3083; x_wconf 80' lang='lat' dir='ltr'>Surge</span> <span class='ocrx_word' id='word_1_275' title='bbox 278 3033 337 3086; x_wconf 84' lang='lat' dir='ltr'>age,</span> <span class='ocrx_word' id='word_1_276' title='bbox 351 3025 378 3068; x_wconf 91' lang='lat' dir='ltr'>et</span> <span class='ocrx_word' id='word_1_277' title='bbox 390 3020 492 3069; x_wconf 87' lang='lat' dir='ltr'>Aurora</span> <span class='ocrx_word' id='word_1_278' title='bbox 504 3018 589 3070; x_wconf 89' lang='lat' dir='ltr'>socios</span> <span class='ocrx_word' id='word_1_279' title='bbox 601 3018 726 3069; x_wconf 88' lang='lat' dir='ltr'>veniente</span> <span class='ocrx_word' id='word_1_280' title='bbox 738 3017 827 3068; x_wconf 85' lang='lat' dir='ltr'>vocari</span> 
     </span>
    </p>

    <p class='ocr_par' dir='ltr' id='par_1_18' title="bbox 182 3083 1013 3156">
     <span class='ocr_line' id='line_1_42' title="bbox 182 3083 1013 3156; baseline -0.001 -20"><span class='ocrx_word' id='word_1_281' title='bbox 182 3083 290 3136; x_wconf 89' lang='lat' dir='ltr'>Primus</span> <span class='ocrx_word' id='word_1_282' title='bbox 301 3085 328 3137; x_wconf 92' lang='lat' dir='ltr'>iu</span> <span class='ocrx_word' id='word_1_283' title='bbox 340 3103 415 3137; x_wconf 88' lang='lat' dir='ltr'>arma</span> <span class='ocrx_word' id='word_1_284' title='bbox 426 3085 498 3154; x_wconf 86' lang='lat' dir='ltr'>jube,</span> <span class='ocrx_word' id='word_1_285' title='bbox 512 3096 538 3138; x_wconf 87' lang='lat' dir='ltr'>et</span> <span class='ocrx_word' id='word_1_286' title='bbox 551 3087 668 3156; x_wconf 87' lang='lat' dir='ltr'>clipeum</span> <span class='ocrx_word' id='word_1_287' title='bbox 681 3102 757 3154; x_wconf 90' lang='lat' dir='ltr'>cape,</span> <span class='ocrx_word' id='word_1_288' title='bbox 770 3102 853 3154; x_wconf 91' lang='lat' dir='ltr'>quern</span> <span class='ocrx_word' id='word_1_289' title='bbox 865 3083 940 3137; x_wconf 88' lang='lat' dir='ltr'>dedit</span> <span class='ocrx_word' id='word_1_290' title='bbox 953 3084 1013 3153; x_wconf 86' lang='lat' dir='ltr'>ipse</span> 
     </span>
    </p>
   </div>
   <div class='ocr_carea' id='block_1_3' title="bbox 99 3190 1036 3371">
    <p class='ocr_par' dir='ltr' id='par_1_19' title="bbox 99 3190 1036 3371">
     <span class='ocr_line' id='line_1_43' title="bbox 135 3190 1035 3242; baseline 0.001 -2"><span class='ocrx_word' id='word_1_291' title='bbox 135 3193 195 3240; x_wconf 84' lang='grc'><strong>209.</strong></span> <span class='ocrx_word' id='word_1_292' title='bbox 216 3190 309 3240; x_wconf 80' lang='lat' dir='ltr'>Triton.</span> <span class='ocrx_word' id='word_1_293' title='bbox 341 3193 389 3240; x_wconf 81' lang='lat' dir='ltr'>See</span> <span class='ocrx_word' id='word_1_294' title='bbox 400 3204 424 3240; x_wconf 91' lang='lat' dir='ltr'>at</span> <span class='ocrx_word' id='word_1_295' title='bbox 436 3193 452 3241; x_wconf 94' lang='lat' dir='ltr'>i.</span> <span class='ocrx_word' id='word_1_296' title='bbox 466 3196 612 3242; x_wconf 67' lang='lat' dir='ltr'>tta-229.</span> <span class='ocrx_word' id='word_1_297' title='bbox 628 3192 737 3240; x_wconf 79' lang='lat' dir='ltr'>Immitto.</span> <span class='ocrx_word' id='word_1_298' title='bbox 771 3193 818 3241; x_wconf 89' lang='lat' dir='ltr'>See</span> <span class='ocrx_word' id='word_1_299' title='bbox 835 3202 858 3240; x_wconf 88' lang='lat' dir='ltr'>at</span> <span class='ocrx_word' id='word_1_300' title='bbox 869 3193 901 3241; x_wconf 92' lang='lat' dir='ltr'>vi.</span> <span class='ocrx_word' id='word_1_301' title='bbox 915 3195 1035 3242; x_wconf 85' lang='grc'><strong>1.-238.</strong></span> 
     </span>
     <span class='ocr_line' id='line_1_44' title="bbox 99 3250 1036 3311; baseline 0.001 -12"><span class='ocrx_word' id='word_1_302' title='bbox 99 3252 223 3306; x_wconf 82' lang='lat' dir='ltr'>Aeneas,</span> <span class='ocrx_word' id='word_1_303' title='bbox 242 3267 280 3298; x_wconf 88' lang='lat' dir='ltr'>we</span> <span class='ocrx_word' id='word_1_304' title='bbox 299 3267 356 3311; x_wconf 88' lang='lat' dir='ltr'>may</span> <span class='ocrx_word' id='word_1_305' title='bbox 367 3267 482 3310; x_wconf 88' lang='lat' dir='ltr'>suppose,</span> <span class='ocrx_word' id='word_1_306' title='bbox 502 3251 549 3299; x_wconf 88' lang='lat' dir='ltr'>had</span> <span class='ocrx_word' id='word_1_307' title='bbox 567 3261 622 3300; x_wconf 86' lang='lat' dir='ltr'>sent</span> <span class='ocrx_word' id='word_1_308' title='bbox 641 3252 682 3299; x_wconf 91' lang='lat' dir='ltr'>the</span> <span class='ocrx_word' id='word_1_309' title='bbox 701 3252 825 3299; x_wconf 84' lang='lat' dir='ltr'>Arcadian</span> <span class='ocrx_word' id='word_1_310' title='bbox 842 3251 900 3307; x_wconf 87' lang='lat' dir='ltr'>(viii.</span> <span class='ocrx_word' id='word_1_311' title='bbox 918 3254 972 3306; x_wconf 88' lang='grc'>518)</span> <span class='ocrx_word' id='word_1_312' title='bbox 988 3250 1036 3300; x_wconf 89' lang='lat' dir='ltr'>aud</span> 
     </span>
     <span class='ocr_line' id='line_1_45' title="bbox 99 3309 1035 3371; baseline -0.004 -9"><span class='ocrx_word' id='word_1_313' title='bbox 99 3309 236 3362; x_wconf 75' lang='lat' dir='ltr'>Etruscan</span> <span class='ocrx_word' id='word_1_314' title='bbox 251 3310 349 3371; x_wconf 80' lang='lat' dir='ltr'>cavalry</span> <span class='ocrx_word' id='word_1_315' title='bbox 361 3320 386 3357; x_wconf 95' lang='lat' dir='ltr'>to</span> <span class='ocrx_word' id='word_1_316' title='bbox 397 3321 462 3358; x_wconf 90' lang='lat' dir='ltr'>meet</span> <span class='ocrx_word' id='word_1_317' title='bbox 479 3311 529 3358; x_wconf 89' lang='lat' dir='ltr'>him</span> <span class='ocrx_word' id='word_1_318' title='bbox 541 3321 565 3358; x_wconf 85' lang='lat' dir='ltr'>at</span> <span class='ocrx_word' id='word_1_319' title='bbox 577 3311 618 3358; x_wconf 86' lang='lat' dir='ltr'>tlte</span> <span class='ocrx_word' id='word_1_320' title='bbox 635 3309 720 3358; x_wconf 90' lang='lat' dir='ltr'>mouth</span> <span class='ocrx_word' id='word_1_321' title='bbox 732 3310 760 3357; x_wconf 83' lang='lat' dir='ltr'>ol</span> <span class='ocrx_word' id='word_1_322' title='bbox 772 3310 813 3357; x_wconf 89' lang='lat' dir='ltr'>the</span> <span class='ocrx_word' id='word_1_323' title='bbox 830 3310 901 3358; x_wconf 86' lang='lat' dir='ltr'>river.</span> <span class='ocrx_word' id='word_1_324' title='bbox 934 3310 1035 3358; x_wconf 84' lang='lat' dir='ltr'>Turnus</span> 
     </span>
    </p>
   </div>
   <div class='ocr_carea' id='block_1_4' title="bbox 99 3368 1033 3491">
    <p class='ocr_par' dir='ltr' id='par_1_20' title="bbox 99 3368 1033 3491">
     <span class='ocr_line' id='line_1_46' title="bbox 99 3368 1033 3430; baseline -0.001 -11"><span class='ocrx_word' id='word_1_325' title='bbox 99 3382 162 3419; x_wconf 81' lang='lat' dir='ltr'>rrae</span> <span class='ocrx_word' id='word_1_326' title='bbox 174 3369 321 3429; x_wconf 83' lang='lat' dir='ltr'>preventing</span> <span class='ocrx_word' id='word_1_327' title='bbox 329 3369 397 3417; x_wconf 88' lang='lat' dir='ltr'>thern</span> <span class='ocrx_word' id='word_1_328' title='bbox 409 3369 470 3416; x_wconf 86' lang='lat' dir='ltr'>lrom</span> <span class='ocrx_word' id='word_1_329' title='bbox 481 3370 601 3417; x_wconf 89' lang='lat' dir='ltr'>combinin</span> <span class='ocrx_word' id='word_1_330' title='bbox 628 3368 688 3417; x_wconf 85' lang='lat' dir='ltr'>with</span> <span class='ocrx_word' id='word_1_331' title='bbox 699 3368 741 3417; x_wconf 88' lang='lat' dir='ltr'>the</span> <span class='ocrx_word' id='word_1_332' title='bbox 750 3369 855 3430; x_wconf 84' lang='lat' dir='ltr'>Trojaus</span> <span class='ocrx_word' id='word_1_333' title='bbox 867 3370 892 3418; x_wconf 90' lang='lat' dir='ltr'>in</span> <span class='ocrx_word' id='word_1_334' title='bbox 900 3369 942 3417; x_wconf 89' lang='lat' dir='ltr'>the</span> <span class='ocrx_word' id='word_1_335' title='bbox 954 3383 1033 3429; x_wconf 84' lang='lat' dir='ltr'>camp.</span> 
     </span>
     <span class='ocr_line' id='line_1_47' title="bbox 113 3426 643 3491; baseline -0.002 -14"><span class='ocrx_word' id='word_1_336' title='bbox 113 3454 119 3463; x_wconf 91' lang='lat'><strong>·</strong></span> <span class='ocrx_word' id='word_1_337' title='bbox 142 3429 203 3477; x_wconf 75' lang='lat'>242.</span> <span class='ocrx_word' id='word_1_338' title='bbox 223 3426 338 3491; x_wconf 82' lang='lat' dir='ltr'>Clipeam.</span> <span class='ocrx_word' id='word_1_339' title='bbox 370 3428 418 3476; x_wconf 85' lang='lat' dir='ltr'>See</span> <span class='ocrx_word' id='word_1_340' title='bbox 430 3438 453 3476; x_wconf 81' lang='lat' dir='ltr'>at</span> <span class='ocrx_word' id='word_1_341' title='bbox 465 3428 514 3475; x_wconf 88' lang='lat' dir='ltr'>viii.</span> <span class='ocrx_word' id='word_1_342' title='bbox 526 3432 580 3485; x_wconf 81' lang='grc'><strong>625,</strong></span> <span class='ocrx_word' id='word_1_343' title='bbox 622 3444 643 3477; x_wconf 89' lang='lat' dir='ltr'>c.</span> 
     </span>
    </p>
   </div>
   <div class='ocr_carea' id='block_1_5' title="bbox 0 0 1129 3826">
    <p class='ocr_par' dir='ltr' id='par_1_21' title="bbox 0 0 1129 3826">
     <span class='ocr_line' id='line_1_48' title="bbox 0 0 1129 3826; baseline 0 0"><span class='ocrx_word' id='word_1_344' title='bbox 0 0 1129 3826; x_wconf 95' lang='lat' dir='ltr'> </span> 
     </span>
    </p>
   </div>
  </div>
 </body>
</html>
