2282 3790
504 224 668 277 ssiffllissss.

193 354 338 411 lntendnnt
348 370 516 424 cormarcus,
526 361 690 423 uersumque
701 362 839 425 torqueat·
956 374 970 421 ς
991 361 1035 414 661

192 424 323 478 Sternitur
333 441 413 478 omne
426 424 512 478 solum
527 423 588 476 telis
593 441 602 493 3
620 431 678 476 turn
690 434 766 478 scuta
778 441 917 496 66666666

194 495 265 549 Dent
273 493 393 548 sonitum
404 495 480 548 flictu
491 491 586 562 galeae
593 511 602 561 3
621 508 709 560 pugna
721 511 817 563 aspera
828 497 926 564 surgit:

191 563 315 629 Quantus
326 563 362 615 ab
374 580 469 619 occasu
482 562 595 615 veniens
606 561 769 631 pluvialibus
778 564 880 618 Haedis

127 656 134 667 ¹
191 631 322 686 Verberat
334 631 421 685 imber
431 632 563 696 humum;
600 647 663 685 uam
674 631 761 687 multa
772 633 901 700 grandina
914 634 998 693 nimbi

191 701 222 756 ln
234 700 304 755 rada
316 702 498 772 praecipitant,
509 647 690 770 oumlupiter
702 698 825 759 horridus
835 703 933 759 austris
990 707 1037 758 670

189 770 308 839 Torquet
319 787 450 840 aquosam
461 769 583 825 hiemem
594 778 620 825 et
633 769 708 825 66616
720 787 788 824 care
798 772 891 826 nubile
903 774 1008 845 rumpit.
1126 776 1127 779 ’

226 839 365 893 Pandarus
375 848 403 892 et
413 840 506 910 Bitias,
519 839 600 893 10666
611 838 744 895 Alcanore
756 840 831 911 oreti,

190 909 264 968 Quos
274 909 349 963 Joris
360 908 453 962 eduxit
464 908 526 962 luco
538 906 667 961 silvestris
678 908 762 975 iaera3

190 978 334 1032 Abietibus
341 977 456 1048 juvenes
468 979 560 1049 patriis
570 988 598 1029 66
610 977 746 1033 montibus
756 994 864 1047 aequos,

192 1047 305 1114 Portam,
318 1064 388 1116 quae
400 1046 478 1105 ducis
489 1046 602 1117 imperio
611 1047 765 1115 commissa,
778 1049 929 1119 6661661666,
988 1054 1038 1104 676

189 1115 262 1170 Freti
274 1117 363 1184 armis,
377 1116 498 1186 ultroque
509 1116 622 1173 invitant
634 1115 775 1171 moenibus
786 1116 901 1173 hostem.

190 1185 243 1255 lpsi
257 1186 329 1239 intus
339 1185 433 1239 dextra
444 1202 477 1239 ao
489 1187 568 1240 laeva
578 1202 624 1254 pro
636 1185 751 1243 turribus
761 1186 875 1257 adstant,

190 1255 294 1308 Armati
307 1255 376 1308 ferro
388 1264 415 1307 et
426 1255 513 1311 cristis
523 1256 613 1324 capita
624 1255 679 1308 elta
690 1255 793 1311 corusci
805 1272 812 1310 ι

163 1376 167 1387 ,
189 1322 291 1381 Quales
299 1325 390 1378 aeriae
402 1325 530 1393 liquentia
541 1324 653 1381 flumina
664 1324 775 1394 circum,

190 1392 252 1446 Sira
266 1394 331 1446 Parii
346 1393 417 1462 ripis,
430 1392 555 1449 Athesim
567 1410 615 1447 seu
627 1402 734 1462 propter
744 1410 900 1468 amoenum‘
987 1399 1040 1450 080

189 1462 355 1531 Consurgunt
366 1463 493 1530 geminae
522 1479 620 1515 uercus
630 1463 788 1532 1666666666
798 1464 875 1519 coelo

190 1531 321 1584 Attcliunt
335 1529 425 1600 capita
436 1540 464 1584 et
475 1479 586 1587 iulium
598 1532 701 1585 vertice
713 1542 815 1587 nutant.

188 1599 348 1669 irrumpunt,
361 1600 452 1655 aditus
461 1600 551 1655 Rutuli
564 1609 594 1652 ut
608 1600 699 1655 ridere
712 1606 835 1669 patentis.

131 1690 135 1699 ·
189 1669 319 1723 Continuo
331 1669 470 1729 Quercens
480 1678 508 1722 et
520 1669 631 1738 pulcher
642 1670 789 1739 Aquicolus
799 1670 882 1725 armis

190 1737 225 1792 Et
237 1754 366 1808 praecepa
377 1738 462 1791 animi
473 1739 589 1792 Tmarus
600 1748 627 1793 et
640 1738 788 1795 Mavortius
799 1741 923 1795 Haemon
986 1744 1040 1796 686

188 1808 350 1876 Agminihus
362 1809 424 1863 totis
434 1816 480 1861 aut
492 1809 563 1863 rarsi
576 1816 650 1877 targa
661 1807 770 1878 dedero,

188 1880 243 1930 Aut
257 1877 313 1947 ipso
327 1886 416 1946 portae
428 1894 541 1947 posuere
553 1877 579 1930 in
592 1877 685 1932 limine
697 1879 789 1931 vitam.

188 1946 261 2000 Tum
271 1947 359 2015 magis
368 1947 522 2001 increscunt
531 1947 631 2001 animis
641 1946 808 2003 discordibus
819 1947 876 2003 irae
882 1964 892 2017 3

189 2014 224 2070 Et
235 2015 293 2086 jam
304 2015 409 2071 collecti
421 2016 504 2073 Troes
514 2016 696 2085 glomerantur
707 2016 814 2083 eodem,

188 2083 223 2138 Et
235 2086 355 2139 conterre
367 2102 480 2141 manum
489 2095 519 2140 et
530 2103 680 2156 procurrere
692 2084 797 2155 longius
806 2085 921 2143 audant..
988 2090 1043 2142 690

200 2213 203 2218 ,
223 2154 330 2209 Ductori
342 2156 440 2224 Turno,
452 2155 558 2209 diversa
571 2157 597 2210 in
611 2165 685 2224 parte
698 2156 794 2209 furenti

186 2221 371 2293 Turbantiqne
385 2224 462 2293 viros,
476 2225 607 2294 perfertur
618 2225 735 2293 nuntius,
747 2224 853 2279 hostem
895 2266 901 2275 .

187 2290 304 2349 Ferrere
315 2294 402 2347 caede
415 2310 490 2361 nora,
503 2303 531 2347 et
545 2303 633 2364 portas
644 2295 773 2363 praehere
786 2293 910 2363 petentis.

120 2410 128 2421 ,
188 2361 293 2417 Deserit
307 2363 453 2433 inceptum,
464 2371 546 2432 atque
559 2362 670 2417 immani
681 2363 802 2417 concitus
813 2364 852 2417 ira

188 2430 349 2487 Dardaniam
363 2432 412 2487 ruit
424 2432 459 2486 ad
472 2441 573 2502 portarn
588 2433 736 2501 fratresque
748 2432 885 2502 superbos.
989 2437 1045 2489 695

187 2501 222 2554 Ε6
234 2502 351 2571 primum
364 2501 536 2570 Antiphaten,
549 2502 574 2555 is
585 2503 658 2559 enim
671 2518 701 2554 se
713 2502 815 2570 primus
826 2498 935 2573 agebat,
957 2538 961 2547 ,

188 2569 319 2627 Thebana
331 2572 365 2624 de
377 2581 463 2624 triatre
477 2571 589 2625 nothum
601 2570 761 2639 Sarpedonis
771 2570 827 2640 alti,

187 2638 312 2709 Ccnjecto
325 2642 417 2694 sternit
427 2639 515 2710 jaculo
522 2657 531 2709 3
549 2640 620 2694 volat
631 2640 700 2697 Itala
711 2656 807 2693 cornua

119 2726 124 2749 ¹
187 2711 259 2765 6666
271 2726 319 2779 per
330 2718 460 2777 tenerum,
473 2710 666 2778 stomachoque
678 2709 760 2763 infixa
771 2708 823 2764 sub
834 2708 920 2767 atrum

187 2778 286 2831 Pectus
296 2779 351 2832 abit
358 2795 367 2847 ;
387 2778 500 2832 reddita
534 2796 584 2833 cus
593 2779 644 2831 atri
656 2776 774 2831 vulneris
786 2777 887 2833 undam
989 2782 1047 2835 700
1126 2808 1127 2849 ;

186 2846 371 2918 Spumantem,
384 2856 412 2901 et
423 2848 477 2902 lixo
501 2865 589 2902 orrum
601 2848 631 2901 in
641 2847 769 2917 pulmone
780 2847 904 2917 tepescit.

145 3011 199 3056 666.
217 3007 349 3057 Sternitur.
387 3008 435 3055 See
451 3016 475 3055 at
490 3007 540 3055 viii.
556 3009 707 3055 tte-668.
724 3006 826 3054 Haedis.
864 3005 939 3054 Time
956 3006 1050 3059 when.
1126 3018 1127 3049 t

117 3065 241 3128 Probably
251 3068 275 3115 in
287 3067 527 3116 December.-670.
557 3065 609 3113 Pro
640 3068 731 3113 ''ant.
763 3065 811 3113 See
822 3073 847 3112 at
857 3064 873 3112 i.
882 3067 937 3120 234,
948 3080 973 3113 x.
986 3069 1049 3115 804.
1126 3068 1127 3119 i

119 3122 222 3188 Iupiter,
242 3126 284 3173 the
302 3126 504 3194 aingem-672.
522 3124 600 3172 idaco.
658 3140 687 3172 66
706 3134 730 3172 at
750 3123 774 3172 ii.
790 3126 941 3173 uun-67³.
957 3122 1049 3184 Im,
1126 3134 1127 3159 ³

116 3184 254 3287 seeminglI
264 3200 310 3231 one
326 3186 350 3232 ol
365 3184 407 3232 the
426 3184 544 3239 Oreades,
557 3184 572 3231 i.
585 3187 733 3232 too-674.
750 3183 883 3237 Atestinus.
895 3184 1051 3242 ibyetlbuu.

103 3236 205 3287 ’-686.
248 3245 338 3297 thesim,
351 3258 364 3290 a
376 3245 440 3291 river
454 3243 539 3304 falling
555 3243 607 3290 into
622 3243 664 3290 the
677 3241 795 3298 Adriatic,
808 3241 880 3289 north
895 3241 925 3288 of
936 3241 981 3289 the
996 3243 1050 3302 Po.

88 3319 92 3325 ·
116 3306 172 3339 now
188 3298 374 3356 Arrige-697.
395 3300 512 3350 Thebana.
552 3301 591 3349 Of
601 3301 644 3349 the
662 3317 718 3349 man
753 3301 823 3353 citios
842 3300 870 3348 oi
886 3300 937 3348 this
955 3314 1052 3360 name,

116 3348 335 3463 goffyztgpedonir
352 3359 501 3418 (i.100),ws
517 3359 578 3409 inser
593 3360 646 3409 that
662 3359 704 3409 ihs
741 3360 818 3409 hebes
833 3359 979 3410 mentioued
991 3376 1052 3412 vm
