2288 3732
487 230 500 263 -'
528 222 622 273 blm
641 220 663 271 l·
716 296 723 302 ἱ

201 353 334 425 Denique,
347 351 411 423 qnid
423 364 521 423 vesper
532 369 610 407 serus
620 352 710 422 vehet,
722 353 795 407 unde
807 366 920 406 serenas

201 424 307 478 Ventus
318 431 381 492 agat
392 424 487 492 nubes,
499 422 563 494 quid
577 423 676 492 cogitet
688 423 816 479 humidus
827 424 934 493 Auster,

146 558 152 565 ι
200 494 244 549 Sol
258 494 307 547 tibi
319 494 396 563 signu
406 492 490 547 dabit.
526 493 616 547 Solem
628 493 689 562 quis
700 493 790 547 dicere
802 491 902 546 falsum

201 563 330 619 Audeatl
365 562 414 617 Ille
427 565 509 616 etiam
521 580 619 616 raeces
631 563 728 619 instare
740 561 873 617 turnultus

200 634 288 704 Saepe
300 644 400 702 monet,
413 631 593 703 fraudemque
599 640 632 686 et
642 641 736 702 operta
748 641 901 687 tumescere
913 628 993 685 bella
1006 633 1057 687 rot

201 703 252 757 llle
265 703 348 757 etiam
360 702 491 756 exstincto
503 703 648 759 miseratus
660 703 775 759 Caesare
786 703 918 771 Romam3

201 774 273 827 Cum
282 783 365 843 ceput
375 772 489 826 obscura
500 772 616 827 nitidum
628 772 763 842 ferrugine
774 772 851 840 texit,

200 842 344 913 Impiaque
356 851 494 896 aeternam
507 843 655 899 timuerunt
665 841 777 896 saecula
787 850 906 896 noctem.

200 912 337 982 Tempore
349 928 516 982 quamquam
527 911 573 966 illo
586 911 666 966 tellus
677 929 784 983 quoque
795 919 824 965 et
835 927 953 983 aequora
963 909 1046 983 ponti,

199 982 413 1051 Obsocenaeque
424 998 507 1036 canes
518 981 739 1052 importunaeque
752 981 875 1036 volucres
1006 983 1060 1035 470

202 1051 286 1120 Signa
296 1051 406 1105 dabant.
441 1050 555 1110 Quoties
566 1052 715 1123 Cyclopum
727 1052 859 1107 effervere
871 1051 900 1105 in
911 1064 989 1120 egros

201 1121 329 1176 Vidimus
340 1120 487 1175 undantem
498 1121 585 1192 ruptis
600 1121 753 1176 lonracibus
763 1121 882 1192 AEtrratn,

202 1191 443 1261 Flammarumque
455 1191 548 1260 globos
560 1190 759 1262 liquefactaque
771 1191 880 1246 volvere
892 1189 975 1244 saxa!

202 1263 348 1329 Armorum
360 1264 477 1315 sonitum
490 1269 543 1315 toto
553 1261 702 1315 Germania
713 1261 789 1315 coelo
946 1326 951 1333 Ι

202 1330 297 1385 Audiit
304 1347 312 1399 3
331 1330 442 1383 insolitis
453 1339 620 1385 tremuerunt
633 1331 751 1385 motibus
761 1328 795 1384 A]
833 1346 855 1382 s.
1007 1333 1060 1384 475

202 1401 263 1455 Vox
274 1417 381 1472 quoque
393 1416 442 1470 per
453 1399 529 1454 lucos
539 1399 622 1469 vulgo
633 1400 760 1454 exaudite
772 1399 794 1452 si
806 1399 878 1458 entis

116 1536 120 1543 ι
201 1469 310 1539 Ingens,
324 1478 350 1522 et
363 1469 507 1523 simulacra
518 1469 607 1524 modis
618 1469 747 1540 pallentia
758 1469 834 1523 miris

202 1540 270 1593 Visa
282 1539 333 1593 sub
344 1538 491 1593 obscurum
502 1539 595 1609 noctis,
608 1539 784 1610 pecudesque
795 1538 912 1609 locatae,

203 1608 348 1664 infandum
360 1607 367 1662 l
387 1608 485 1663 sistunt
496 1625 600 1678 amnes,
614 1616 756 1680 terraeque
767 1608 919 1678 dehiscunt,

202 1679 240 1734 Et
250 1687 388 1732 maestum
399 1678 541 1733 illacrimat
554 1679 664 1749 templis
675 1679 749 1747 ebur,
758 1695 877 1750 aereque
888 1677 996 1733 sudant.
1007 1680 1062 1734 tec

202 1749 305 1803 Proluit
317 1749 411 1802 insano
423 1758 604 1819 contorquens
616 1749 716 1802 vortioe
727 1748 811 1802 silvas

202 1818 362 1873 Fluviorum
373 1834 421 1872 rex
433 1817 575 1887 Eridanus,
585 1834 648 1872 eam
687 1834 754 1889 sque
766 1834 815 1889 per
824 1816 914 1872 omnis

202 1890 274 1943 Cum
287 1885 401 1941 stabulis
411 1896 535 1942 armenta
546 1887 616 1942 tulit,
680 1902 713 1942 ec
726 1895 847 1959 tempore
858 1886 958 1942 eodem

202 1957 339 2012 Tristibus
350 1966 397 2010 aut
409 1958 479 2011 extis
490 1958 574 2012 fibrae
585 1972 714 2029 apparere
726 1958 857 2028 minaces,

203 2030 261 2082 Aut
270 2027 362 2099 puteis
374 2043 485 2081 mertare
496 2045 574 2081 cruor
585 2028 710 2098 cessarit,
724 2035 751 2080 et
763 2026 836 2080 altae
1009 2026 1064 2081 485

203 2098 258 2152 Per
270 2105 379 2151 noctem
391 2112 516 2151 resonare
527 2096 599 2168 lupis
610 2096 777 2151 ululantibus
787 2096 880 2152 nrbes.

203 2167 266 2221 Nou
278 2167 347 2220 alias
357 2166 434 2220 ocelo
445 2166 600 2221 cecideruut
610 2167 688 2236 plura
699 2183 795 2221 sereno

204 2236 331 2306 Fulgura,
344 2252 396 2290 nec
406 2236 459 2291 diri
470 2232 551 2291 toties
562 2252 653 2291 arsere
666 2245 800 2291 cometae.

204 2306 277 2376 Ergo
289 2306 358 2360 inter
369 2322 430 2360 sese
441 2306 553 2388 paribus
563 2322 720 2360 concurrere
732 2306 796 2360 telis

204 2377 342 2430 Romanas
354 2375 429 2429 acies
441 2385 540 2431 rtemm
551 2376 644 2430 videre
656 2375 788 2446 Philippi,
1010 2376 1065 2431 440

204 2446 266 2500 Nec
278 2445 330 2499 luit
342 2444 483 2515 indignum
494 2445 604 2516 Superis
613 2445 658 2500 bis
668 2445 799 2514 sanguine
811 2451 901 2498 nostro

205 2515 363 2570 Emathiam
376 2523 404 2569 et
416 2514 485 2569 letos
496 2515 593 2569 Haemi
605 2515 784 2586 pinguescere
794 2530 916 2586 campos.

205 2584 316 2639 Scilicet
328 2592 356 2637 et
368 2592 478 2656 tempus
488 2585 587 2655 veniet,
601 2601 663 2638 cum
676 2584 778 2638 linibus
789 2583 844 2638 illis

205 2654 341 2724 Agricola,
355 2654 468 2708 incurvo
479 2662 579 2709 terram
590 2655 701 2708 molitus
712 2662 807 2725 aratro,

206 2724 299 2778 Exesa
309 2723 427 2777 inveniet
439 2724 535 2778 scabra
547 2724 667 2794 robigine
679 2724 741 2795 pha,
1012 2726 1065 2780 tet

205 2795 263 2848 Aut
274 2793 401 2862 gravibus
413 2793 504 2847 rastris
514 2793 606 2862 galeas
618 2793 735 2864 pulsabit
748 2791 842 2862 inanis,

205 2862 379 2935 Grandiaque
391 2862 497 2916 effossis
507 2863 647 2917 mirabitur
658 2879 720 2917 osce
732 2862 892 2933 sepulchris.

242 2932 277 2986 Di
287 2931 373 3004 patrii,
386 2931 533 3002 Indigetes,
546 2941 573 2986 et
585 2932 707 3004 Romule,
719 2932 858 3013 Vestaque
867 2938 965 3006 mater,

205 3000 285 3060 Quae
296 3002 417 3056 Tuscum
429 3002 551 3056 Tiberim
563 3012 590 3056 et
602 3003 723 3056 Romans
735 3001 839 3055 Peletra
850 3016 951 3075 sertas,

205 3070 287 3125 Hunc
299 3071 396 3126 saltem
409 3087 503 3126 everso
518 3071 647 3143 iuvenem
659 3087 816 3126 succurrere
827 3071 918 3125 saeclo
1013 3070 1066 3127 400

205 3141 250 3195 Ne
262 3141 420 3211 prohibete!
458 3141 528 3213 Satis
541 3141 599 3215 jem
612 3139 717 3213 pridem
729 3141 860 3210 sunguine
872 3149 961 3196 nostro

206 3210 425 3265 Laomedonteae
437 3211 538 3265 luimus
549 3210 667 3282 perjuria
678 3210 783 3282 Trojae.

161 3372 283 3420 tua-497.
300 3368 357 3418 The
373 3369 441 3430 prod'
460 3369 495 3418 ‘es
540 3368 705 3431 ognosticutiu
740 3369 783 3417 the
802 3369 860 3418 civil
875 3385 940 3419 wnrs
954 3368 1009 3418 thet
1019 3368 1065 3416 sol·

127 3428 270 3499 hosed-the
281 3427 356 3477 deuth
367 3428 396 3477 os
408 3428 441 3477 Ju
452 3428 490 3478 ius
502 3383 762 3478 dicem-tee-lrs.
778 3428 803 3477 A
815 3442 902 3490 prayer
910 3429 948 3477 lor
957 3427 1000 3477 the
1009 3439 1065 3486 pre·

130 3487 447 3603 mmmpcsAegustue.
555 3567 574 3604 G
782 3576 788 3581 .
