2320 3744
539 211 726 253 0100010011.

235 339 355 394 Narcissi
366 338 506 394 lacrimam
518 346 545 393 et
557 339 660 394 lentum
673 340 709 394 de
720 341 820 394 cortice
831 341 932 412 gluten,

235 409 326 463 Prima
338 409 407 463 favis
420 418 519 479 ponunt
533 409 696 477 fundamina,
710 410 810 463 deinde
824 411 926 464 tenacis

235 479 407 550 Suspendant
419 495 510 545 ceras,
528 478 606 547 aliae,
621 497 695 548 spem
709 482 804 550 gentis,
817 480 923 534 adultos

238 548 363 602 Edncunt
377 549 448 603 fetus
456 565 464 616 3
481 548 551 601 aliae
565 549 707 618 purissima
720 550 801 602 mella

237 618 339 688 Stipant
352 627 380 671 et
392 618 492 688 liquido
504 618 659 670 disten-tunt
673 630 780 671 nectare
792 619 885 672 nelias.

237 687 311 757 Sunt,
325 688 424 758 quibus
434 688 469 741 ad
483 699 572 757 portas
583 687 681 740 cecidit
693 688 814 743 custodia
826 688 897 757 sorti,

236 757 322 826 Inque
335 759 424 811 vicem
437 757 610 826 speculantur
620 773 705 825 aquas
717 765 745 809 et
758 757 849 811 nubila
860 757 936 827 caeli,

238 829 292 880 Aut
304 843 386 879 onera
397 826 530 896 accipiunt
543 827 706 894 venientum,
720 837 775 895 aut,
787 829 895 894 agmine
907 827 979 881 facto

237 895 367 962 Ignavum
381 895 456 949 fucos
468 912 551 964 pecus
563 913 580 947 a
591 895 766 966 praesepibus
778 910 886 965 arcent,

238 964 335 1018 Fervet
348 982 421 1044 opus,
436 965 608 1035 redolentque
622 965 715 1034 thymo
727 965 870 1034 fragrantia
882 964 975 1020 mella.

238 1035 279 1087 Ac
292 1034 382 1101 veluti,
396 1033 475 1086 lentis
487 1033 618 1103 Cyclopes
632 1034 745 1087 fulmina
756 1035 856 1088 massis
1042 1038 1094 1089 170

238 1103 307 1157 Cum
320 1112 467 1173 properant,
480 1103 526 1155 alii
538 1103 649 1155 taurinis
661 1104 769 1156 follibus
779 1121 860 1157 auras

237 1173 380 1243 Accipiunt
393 1172 568 1242 redduntque,
582 1171 627 1224 ulii
642 1173 779 1226 stridentia
793 1173 915 1243 tinguant

238 1245 311 1295 Aera
323 1242 399 1309 lacu,
416 1242 500 1310 gemit
513 1241 645 1311 impositis
657 1241 799 1295 incudibus
811 1245 899 1296 Aetna
906 1258 914 1311 3

239 1311 279 1364 llli
293 1312 361 1364 inter
373 1328 434 1364 sese
447 1328 544 1379 magna
557 1310 583 1363 vi
595 1310 704 1363 braolria
716 1312 811 1364 tollunt

238 1380 269 1434 In
282 1398 433 1448 numerum,
446 1389 607 1448 versantque
620 1381 707 1432 tenaci
720 1380 819 1450 forcipe
831 1380 948 1435 ferrum:

238 1450 298 1503 Non
311 1449 394 1518 aliter,
409 1451 429 1502 si
443 1467 524 1518 parva
538 1449 600 1501 licet
611 1465 771 1519 componere
784 1450 896 1519 magnis,

239 1520 382 1587 Cecropias
395 1519 501 1572 innatus
513 1535 579 1587 apes
591 1534 666 1570 amor
679 1527 772 1586 urguet
786 1519 911 1588 habendi,

231 1588 353 1640 'Munere
366 1605 499 1657 quamque
512 1604 568 1641 suo.
605 1587 771 1640 Grandaevis
784 1587 883 1657 oppida
894 1604 984 1658 curae,

238 1657 273 1710 Et
286 1658 390 1709 munire
405 1656 485 1725 favos,
499 1667 526 1709 et
538 1655 653 1708 daedala
664 1656 766 1725 fingere
779 1667 860 1710 tecta.

237 1729 274 1779 At
287 1726 375 1780 fessae
389 1726 473 1779 multa
487 1725 603 1778 referunt
616 1742 646 1777 se
659 1738 736 1778 nocte
750 1726 872 1796 minores,
1042 1732 1097 1781 180

237 1796 318 1848 Crura
332 1796 424 1865 thymo
439 1795 549 1864 plenae,
568 1806 713 1862 pascuntur
724 1804 751 1846 et
763 1796 858 1848 arbuta
870 1793 972 1865 passim

238 1865 272 1918 Et
283 1865 395 1933 glaucas
407 1866 504 1916 salices
516 1865 672 1933 casiamque
685 1881 847 1934 crocumque
860 1865 1004 1918 rubentem

237 1934 272 1988 Et
286 1936 411 2004 pinguem
426 1935 509 1986 tiliam
522 1942 548 1984 et
563 1933 727 2001 furrugineos
739 1933 907 2004 hyacinthos.
1138 1930 1140 1967 t

235 2004 366 2057 Omnibus
379 2020 431 2056 una
442 2004 520 2072 quies
531 2019 651 2071 operum,
665 2003 738 2056 labor
749 2003 875 2057 omnibus
887 2020 965 2056 unus.

236 2073 321 2125 Mane
335 2082 412 2127 ruunt
425 2073 505 2142 portis
512 2088 520 2140 3
538 2088 670 2140 nusquam
684 2089 773 2141 mora3
794 2090 883 2126 rursus
895 2073 1007 2127 easdem
1041 2077 1096 2128 las
1137 2104 1138 2133 r

236 2142 339 2212 Vesper
352 2141 396 2194 ubi
409 2159 425 2194 e
438 2150 515 2211 pastu
529 2141 639 2193 tandem
651 2141 784 2195 decedere
795 2142 899 2211 campis
1136 2188 1137 2201 ,

235 2211 391 2281 Admonuit,
405 2220 463 2264 turn
476 2219 547 2264 tecta
558 2217 660 2280 petunt,
674 2219 730 2263 tum
743 2228 850 2280 corpora
862 2219 971 2281 curant3

236 2279 278 2333 Fit
291 2281 399 2349 sonitus,
414 2289 588 2349 mussantque
600 2295 660 2332 oras
672 2289 699 2332 et
711 2279 805 2333 limina
817 2282 928 2333 circum·

236 2350 306 2420 Post,
320 2349 366 2404 ubi
376 2348 433 2420 jam
447 2348 571 2402 thalamis
583 2365 612 2400 se
625 2365 807 2419 composuere,
820 2350 914 2402 siletur

234 2419 265 2472 In
278 2432 392 2488 noctem,
407 2418 545 2488 fessosque
558 2435 635 2488 sopor
646 2435 710 2471 suus
721 2428 835 2489 occupat
846 2428 929 2472 artus.
1042 2425 1097 2475 190
1133 2446 1135 2523 p

235 2488 295 2541 Nec
307 2505 370 2541 vero
381 2506 399 2540 a
411 2488 532 2557 stabulis,
546 2487 636 2558 pluvia
650 2488 831 2558 impendente,
845 2487 976 2542 recedunt

235 2557 358 2627 Longius,
370 2566 417 2611 aut
430 2557 540 2610 credunt
553 2557 628 2610 coelo
640 2557 847 2611 adventantibus
861 2557 941 2612 Euris
947 2573 956 2627 3
1132 2538 1134 2607 l

207 2682 209 2687 ,
234 2627 286 2679 Sed
300 2627 400 2680 circum
415 2637 487 2679 tutae
500 2626 549 2680 sub
561 2626 703 2679 moenibus
715 2627 788 2680 urbis
799 2635 940 2697 aquantur,
1131 2618 1133 2691 l

235 2696 425 2766 Excuvsusque
438 2695 528 2749 brevis
539 2704 650 2763 tentant,
664 2704 690 2747 et
703 2711 786 2766 saepe
799 2696 910 2766 lapillos,
1129 2696 1132 2777 l

234 2764 270 2817 Ut
282 2765 398 2835 cymbae
410 2764 555 2834 instabiles,
569 2764 652 2818 fluctu
663 2763 790 2834 jactante,
804 2765 951 2836 saburram,
1041 2772 1094 2822 105

234 2833 420 2888 Tollunt-bis
435 2850 496 2886 sese
508 2851 555 2904 per
567 2833 655 2886 inania
667 2832 759 2887 nubila
772 2835 875 2888 librant.

268 2903 347 2957 Illum
359 2903 427 2956 adeo
437 2903 572 2972 placuisse
583 2903 679 2973 apibus
691 2904 824 2957 mirabere
836 2920 949 2973 morem,

232 2972 309 3031 Quod
322 2990 410 3042 neque
422 2972 564 3026 concubitu
578 2973 723 3043 indulgent,
737 2990 788 3026 nec
799 2990 909 3044 corpora
921 2991 1021 3045 segnes

232 3042 262 3095 ln
276 3043 409 3095 Venerem
423 3041 536 3111 solvunt,
549 3052 594 3094 aut
608 3042 679 3095 fetus
691 3042 798 3096 nixibus
810 3044 894 3096 edunt
902 3060 911 3113 ς
946 3050 952 3057 “

232 3110 333 3164 Verum
347 3112 420 3179 ipsae
433 3129 448 3164 e
462 3111 532 3163 foliis
543 3121 619 3164 natos
632 3121 659 3164 et
671 3112 800 3165 suavibus
812 3113 903 3166 herbis
1035 3119 1092 3171 200

231 3180 282 3232 Ore
295 3180 395 3248 legunt,
410 3181 483 3250 ipsae
497 3196 588 3248 regern
601 3197 750 3250 parvosque
763 3181 881 3241 Quirites

193 3296 246 3347 178.
261 3297 312 3342 179.
330 3295 385 3343 The
403 3295 472 3372 worlr
489 3296 518 3365 cf
529 3297 570 3365 tire
588 3296 820 3357 agad.-180·188.
838 3299 894 3347 Tha
910 3300 981 3369 work
997 3302 1028 3349 ol
1044 3304 1089 3354 the

160 3355 1088 3529 ffiquliuflnllt'llfflilidii:’ilil'lffirfflfittllft
