2320 3744
137 197 198 255 122
509 189 694 249 oaoacicorr.

239 337 319 392 Haud
331 353 406 392 mora
412 353 420 407 3
438 337 563 407 continuo
575 337 668 392 matria
679 344 823 408 praecepta
833 334 962 408 facessit,

206 409 249 462 Ad
262 408 375 461 delubra
387 408 468 476 vonit,
481 416 641 461 monstratas
652 408 751 461 excitat
763 423 831 475 aras,
1023 465 1028 472 ,

206 478 325 537 Quatuor
336 476 450 529 eximios
461 476 608 545 praestanti
620 493 728 545 corpore
741 485 830 529 tauros
1010 477 1063 530 stu

206 547 295 615 Ducit,
309 555 336 598 et
348 546 448 598 intacta
459 546 571 598 totidem
583 546 688 598 cervice
700 545 839 616 juvencae.

207 616 277 684 Post,
291 615 336 668 ubi
349 632 419 667 nona
430 630 493 668 euos
504 617 605 667 Aurora
617 615 757 667 induxerat
769 625 849 684 ortua,

207 684 320 738 Inferias
331 684 430 752 Orphei
442 684 529 752 mittit,
544 684 689 753 lucumque
703 684 802 737 revisit.

207 754 258 807 Hic
271 770 333 805 vero
345 754 463 806 subitum
476 753 593 805 aedicto
607 753 728 806 mirabile
740 759 889 805 monstrum

207 823 356 901 Aspioiunt‚
372 821 517 891 liquefacta
529 822 611 875 boum
624 840 671 891 per
685 823 786 874 viscera
799 829 852 873 roto
1010 821 1064 873 555

207 892 323 944 Strrdere
335 908 401 960 apes
414 900 488 943 utero
501 900 527 943 et
540 892 624 959 ruptis
636 892 767 944 effervere
778 889 868 959 costis,

207 961 412 1028 lmmensasque
426 960 493 1013 trahi
506 960 600 1026 nubes,
612 959 722 1030 jamque
734 959 827 1011 arbore
839 974 947 1013 autumn

207 1029 348 1082 Confluere
360 1039 387 1081 et
400 1030 480 1082 leutio
493 1046 574 1082 uvam
586 1029 729 1084 demittere
742 1028 830 1081 ramis.

242 1167 316 1220 Haec
329 1183 408 1236 super
419 1183 542 1219 arvorum
554 1166 626 1219 cultu
640 1182 821 1235 pecorumque
833 1165 967 1219 canebam

208 1236 243 1290 Et
255 1253 334 1305 super
346 1236 492 1306 arboribus,
506 1237 605 1288 Caesar
616 1235 681 1288 dum
693 1253 807 1304 magnus
819 1236 853 1288 ad
865 1235 951 1288 altum
1011 1237 1066 1288 560

208 1305 346 1358 Fulminat
361 1304 513 1426 Euphraten
526 1305 605 1373 bello,
619 1306 755 1374 victorque
768 1304 881 1357 volentis
958 1352 964 1357 .

209 1374 259 1426 Per
272 1375 382 1443 populos
413 1383 441 1426 at
451 1374 517 1443 jura,
532 1375 659 1443 viamque
671 1375 781 1426 affectat
793 1374 916 1444 Olympo.

209 1443 258 1495 Illo
271 1444 412 1511 Virgilium
426 1461 470 1496 me
484 1451 603 1512 ternpore
616 1443 703 1496 dulcis
714 1444 804 1496 alebat

209 1511 383 1581 Parthenope,
398 1513 492 1564 studiis
505 1513 644 1565 florentem
658 1513 781 1579 ignobilis
792 1512 838 1580 oti,

209 1581 334 1633 Carmina
346 1582 392 1649 qui
404 1582 454 1633 lusi
468 1591 611 1650 pastorum,
625 1582 767 1651 audaxque
778 1582 896 1651 juventa,
1013 1582 1070 1633 565

209 1650 309 1725 Tityre3
323 1660 349 1702 te
362 1650 470 1719 patulae
482 1651 567 1703 cecini
580 1651 630 1704 sub
644 1653 761 1720 tegmina
774 1652 837 1719 sagi.

169 1782 222 1827 54⁹.
240 1778 402 1836 Monstrctor,
416 1783 626 1836 amatre-554,
641 1781 689 1828 &c
722 1781 777 1829 The
789 1780 920 1829 infinitivea
931 1780 957 1827 in
968 1795 999 1839 ap
1032 1781 1070 1829 ai·

141 1839 191 1886 tion
202 1839 262 1886 with
272 1848 411 1895 monstrum,
425 1839 520 1886 furnich
536 1855 551 1886 a
566 1839 613 1886 fine
630 1840 777 1888 illustration
792 1840 820 1888 os
832 1839 873 1886 the
885 1850 971 1886 nature
982 1855 997 1886 o
1023 1839 1072 1889 the

140 1896 267 1953 infinitivo,
280 1913 307 1945 aa
328 1899 368 1945 the
387 1898 540 1946 substantive
557 1898 662 1946 formos
675 1900 715 1946 the
727 1901 889 1947 verb—555.
912 1897 1012 1946 Viscera
1029 1898 1071 1947 in·

140 1956 225 2004 eludes
241 1957 283 2004 tha
299 1956 379 2005 whole
396 1972 492 2006 carcusc
509 1957 595 2005 within
611 1957 652 2005 the
663 1958 826 2007 ahin-557.
842 1956 925 2005 Nubes
936 1956 1073 2005 avium..-

140 2019 194 2062 558.
216 2015 298 2063 Uvam.
331 2016 386 2064 Tho
415 2015 534 2074 rupe-like
546 2016 680 2076 cluatering
691 2016 720 2064 of
731 2018 790 2065 bees
802 2016 849 2065 had
859 2015 946 2064 struck
958 2015 1071 2076 Homer,

139 2074 197 2123 who
214 2073 273 2141 colla
291 2075 309 2121 it
326 2033 429 2137 domolo
441 2072 479 2127 (ll.
490 2073 514 2121 ii.
524 2078 572 2129 89).
605 2075 653 2122 See
672 2092 686 2123 u
702 2076 795 2133 pictura
811 2074 948 2123 aomewhat
960 2075 1073 2137 similar.
1145 2094 1146 2145 p

139 2137 203 2182 Aea.
214 2146 256 2180 vu.
267 2135 306 2190 64,
321 2132 528 2181 &c.-559-566.
547 2133 653 2182 General
663 2134 805 2184 conclusion
815 2144 840 2182 to
851 2133 893 2181 the
905 2133 1038 2195 Georgica.
