<?xml version="1.0" encoding="UTF-8"?>
<!DOCTYPE html PUBLIC "-//W3C//DTD XHTML 1.0 Transitional//EN"
    "http://www.w3.org/TR/xhtml1/DTD/xhtml1-transitional.dtd">
<html xmlns="http://www.w3.org/1999/xhtml" xml:lang="en" lang="en">
 <head>
  <title>
</title>
<meta http-equiv="Content-Type" content="text/html;charset=utf-8" />
  <meta name='ocr-system' content='tesseract 3.04.00' />
  <meta name='ocr-capabilities' content='ocr_page ocr_carea ocr_par ocr_line ocrx_word'/>
</head>
<body>
  <div class='ocr_page' id='page_1' title='image "./carmina01virggoog_0443.png"; bbox 0 0 2242 3826; ppageno 0'>
   <div class='ocr_carea' id='block_1_1' title="bbox 471 245 631 289">
    <p class='ocr_par' dir='ltr' id='par_1_1' title="bbox 471 245 631 289">
     <span class='ocr_line' id='line_1_1' title="bbox 471 245 631 289; baseline -0.019 0"><span class='ocrx_word' id='word_1_1' title='bbox 471 245 631 289; x_wconf 67' lang='grc' dir='ltr'><strong>11111ίῦ01.</strong></span> 
     </span>
    </p>
   </div>
   <div class='ocr_carea' id='block_1_2' title="bbox 80 371 1092 3062">
    <p class='ocr_par' dir='ltr' id='par_1_2' title="bbox 160 371 898 582">
     <span class='ocr_line' id='line_1_2' title="bbox 160 371 898 446; baseline 0.001 -19"><span class='ocrx_word' id='word_1_2' title='bbox 160 371 363 444; x_wconf 81' lang='lat' dir='ltr'>Tuscorumque</span> <span class='ocrx_word' id='word_1_3' title='bbox 374 373 498 445; x_wconf 68' lang='lat' dir='ltr'>phalanx,</span> <span class='ocrx_word' id='word_1_4' title='bbox 513 374 684 445; x_wconf 78' lang='lat' dir='ltr'>Evandrique</span> <span class='ocrx_word' id='word_1_5' title='bbox 696 372 817 429; x_wconf 77' lang='lat' dir='ltr'>Arcades</span> <span class='ocrx_word' id='word_1_6' title='bbox 826 373 898 446; x_wconf 84' lang='lat' dir='ltr'>alae,</span> 
     </span>
     <span class='ocr_line' id='line_1_3' title="bbox 162 443 834 524; baseline -0.003 -26"><span class='ocrx_word' id='word_1_7' title='bbox 162 443 212 498; x_wconf 83' lang='lat' dir='ltr'>Pro</span> <span class='ocrx_word' id='word_1_8' title='bbox 224 461 254 496; x_wconf 89' lang='lat' dir='ltr'>se</span> <span class='ocrx_word' id='word_1_9' title='bbox 266 444 378 514; x_wconf 87' lang='lat' dir='ltr'>quisque</span> <span class='ocrx_word' id='word_1_10' title='bbox 391 444 438 499; x_wconf 83' lang='lat' dir='ltr'>riri</span> <span class='ocrx_word' id='word_1_11' title='bbox 451 460 559 498; x_wconf 87' lang='lat' dir='ltr'>summa</span> <span class='ocrx_word' id='word_1_12' title='bbox 570 444 688 497; x_wconf 91' lang='lat' dir='ltr'>nituntur</span> <span class='ocrx_word' id='word_1_13' title='bbox 700 458 782 524; x_wconf 92' lang='lat' dir='ltr'>opum</span> <span class='ocrx_word' id='word_1_14' title='bbox 794 444 834 512; x_wconf 87' lang='lat' dir='ltr'>vi;</span> 
     </span>
     <span class='ocr_line' id='line_1_4' title="bbox 160 512 897 582; baseline -0.004 -15"><span class='ocrx_word' id='word_1_15' title='bbox 160 513 219 567; x_wconf 89' lang='lat' dir='ltr'>Nec</span> <span class='ocrx_word' id='word_1_16' title='bbox 230 529 313 582; x_wconf 87' lang='lat' dir='ltr'>mora,</span> <span class='ocrx_word' id='word_1_17' title='bbox 326 530 376 566; x_wconf 89' lang='lat' dir='ltr'>nec</span> <span class='ocrx_word' id='word_1_18' title='bbox 389 513 511 582; x_wconf 75' lang='lat' dir='ltr'>requies,</span> <span class='ocrx_word' id='word_1_19' title='bbox 529 521 604 565; x_wconf 85' lang='lat' dir='ltr'>vasto</span> <span class='ocrx_word' id='word_1_20' title='bbox 615 522 763 567; x_wconf 81' lang='lat' dir='ltr'>certamine</span> <span class='ocrx_word' id='word_1_21' title='bbox 776 512 897 566; x_wconf 72' lang='lat' dir='ltr'>tendunt,</span> 
     </span>
    </p>

    <p class='ocr_par' dir='ltr' id='par_1_3' title="bbox 158 581 1092 2651">
     <span class='ocr_line' id='line_1_5' title="bbox 195 581 918 652; baseline 0 -18"><span class='ocrx_word' id='word_1_22' title='bbox 195 581 246 635; x_wconf 87' lang='lat' dir='ltr'>Hic</span> <span class='ocrx_word' id='word_1_23' title='bbox 257 592 377 636; x_wconf 89' lang='lat' dir='ltr'>mentem</span> <span class='ocrx_word' id='word_1_24' title='bbox 389 586 500 635; x_wconf 82' lang='lat' dir='ltr'>Aeneae</span> <span class='ocrx_word' id='word_1_25' title='bbox 511 581 633 650; x_wconf 85' lang='lat' dir='ltr'>genetrix</span> <span class='ocrx_word' id='word_1_26' title='bbox 644 581 824 650; x_wconf 87' lang='lat' dir='ltr'>pulcherrima</span> <span class='ocrx_word' id='word_1_27' title='bbox 836 581 918 652; x_wconf 87' lang='lat' dir='ltr'>misit,</span> 
     </span>
     <span class='ocr_line' id='line_1_6' title="bbox 159 650 809 720; baseline -0.002 -14"><span class='ocrx_word' id='word_1_28' title='bbox 159 651 212 706; x_wconf 88' lang='lat' dir='ltr'>Iret</span> <span class='ocrx_word' id='word_1_29' title='bbox 224 660 253 704; x_wconf 91' lang='lat' dir='ltr'>ut</span> <span class='ocrx_word' id='word_1_30' title='bbox 264 650 300 704; x_wconf 89' lang='lat' dir='ltr'>ad</span> <span class='ocrx_word' id='word_1_31' title='bbox 311 668 408 719; x_wconf 89' lang='lat' dir='ltr'>muros,</span> <span class='ocrx_word' id='word_1_32' title='bbox 422 651 535 720; x_wconf 91' lang='lat' dir='ltr'>urbique</span> <span class='ocrx_word' id='word_1_33' title='bbox 546 650 697 703; x_wconf 76' lang='lat' dir='ltr'>adverteret</span> <span class='ocrx_word' id='word_1_34' title='bbox 709 668 809 719; x_wconf 82' lang='lat' dir='ltr'>agmen</span> 
     </span>
     <span class='ocr_line' id='line_1_7' title="bbox 158 719 725 774; baseline -0.004 -1"><span class='ocrx_word' id='word_1_35' title='bbox 158 720 240 773; x_wconf 86' lang='lat' dir='ltr'>Ocius</span> <span class='ocrx_word' id='word_1_36' title='bbox 251 728 279 773; x_wconf 88' lang='grc'>11</span> <span class='ocrx_word' id='word_1_37' title='bbox 290 720 380 774; x_wconf 88' lang='lat' dir='ltr'>subita</span> <span class='ocrx_word' id='word_1_38' title='bbox 391 719 508 773; x_wconf 85' lang='lat' dir='ltr'>turbaret</span> <span class='ocrx_word' id='word_1_39' title='bbox 519 719 596 772; x_wconf 85' lang='lat' dir='ltr'>clade</span> <span class='ocrx_word' id='word_1_40' title='bbox 608 719 725 772; x_wconf 87' lang='lat' dir='ltr'>Latinos.</span> 
     </span>
     <span class='ocr_line' id='line_1_8' title="bbox 159 788 829 858; baseline -0.001 -16"><span class='ocrx_word' id='word_1_41' title='bbox 159 789 217 858; x_wconf 84' lang='lat' dir='ltr'>iile,</span> <span class='ocrx_word' id='word_1_42' title='bbox 230 796 260 843; x_wconf 88' lang='lat' dir='ltr'>ut</span> <span class='ocrx_word' id='word_1_43' title='bbox 270 790 405 858; x_wconf 71' lang='lat' dir='ltr'>vestigans</span> <span class='ocrx_word' id='word_1_44' title='bbox 415 789 580 858; x_wconf 83' lang='lat' dir='ltr'>diversaper</span> <span class='ocrx_word' id='word_1_45' title='bbox 591 788 698 856; x_wconf 82' lang='lat' dir='ltr'>agmina</span> <span class='ocrx_word' id='word_1_46' title='bbox 709 788 829 841; x_wconf 89' lang='lat' dir='ltr'>Turnum</span> 
     </span>
     <span class='ocr_line' id='line_1_9' title="bbox 158 852 858 927; baseline -0.001 -15"><span class='ocrx_word' id='word_1_47' title='bbox 158 858 219 912; x_wconf 84' lang='lat' dir='ltr'>Huc</span> <span class='ocrx_word' id='word_1_48' title='bbox 229 867 311 927; x_wconf 87' lang='lat' dir='ltr'>atque</span> <span class='ocrx_word' id='word_1_49' title='bbox 324 859 376 911; x_wconf 89' lang='lat' dir='ltr'>huo</span> <span class='ocrx_word' id='word_1_50' title='bbox 387 859 461 910; x_wconf 86' lang='lat' dir='ltr'>acies</span> <span class='ocrx_word' id='word_1_51' title='bbox 472 857 641 926; x_wconf 80' lang='lat' dir='ltr'>circumtulit,</span> <span class='ocrx_word' id='word_1_52' title='bbox 653 852 749 926; x_wconf 76' lang='lat' dir='ltr'>aspicit</span> <span class='ocrx_word' id='word_1_53' title='bbox 761 857 858 911; x_wconf 86' lang='lat' dir='ltr'>urbem</span> 
     </span>
     <span class='ocr_line' id='line_1_10' title="bbox 160 926 820 996; baseline -0.003 -16"><span class='ocrx_word' id='word_1_54' title='bbox 160 927 312 980; x_wconf 85' lang='lat' dir='ltr'>immunem</span> <span class='ocrx_word' id='word_1_55' title='bbox 324 927 390 980; x_wconf 85' lang='lat' dir='ltr'>tenti</span> <span class='ocrx_word' id='word_1_56' title='bbox 401 926 465 978; x_wconf 89' lang='lat' dir='ltr'>belli</span> <span class='ocrx_word' id='word_1_57' title='bbox 477 936 503 979; x_wconf 88' lang='lat' dir='ltr'>at</span> <span class='ocrx_word' id='word_1_58' title='bbox 524 943 557 978; x_wconf 92' lang='lat' dir='ltr'>ue</span> <span class='ocrx_word' id='word_1_59' title='bbox 570 927 680 996; x_wconf 87' lang='lat' dir='ltr'>impune</span> <span class='ocrx_word' id='word_1_60' title='bbox 691 926 820 995; x_wconf 82' lang='lat' dir='ltr'>quietam.</span> 
     </span>
     <span class='ocr_line' id='line_1_11' title="bbox 159 943 998 1064; baseline -0.003 -16"><span class='ocrx_word' id='word_1_61' title='bbox 159 995 289 1048; x_wconf 79' lang='lat' dir='ltr'>Continuo</span> <span class='ocrx_word' id='word_1_62' title='bbox 299 1011 405 1064; x_wconf 79' lang='lat' dir='ltr'>pugnae</span> <span class='ocrx_word' id='word_1_63' title='bbox 417 943 540 1048; x_wconf 73' lang='lat' dir='ltr'>accendit</span> <span class='ocrx_word' id='word_1_64' title='bbox 552 994 660 1064; x_wconf 87' lang='lat' dir='ltr'>majoris</span> <span class='ocrx_word' id='word_1_65' title='bbox 672 995 778 1063; x_wconf 76' lang='lat' dir='ltr'>imag03</span> <span class='ocrx_word' id='word_1_66' title='bbox 952 996 998 1045; x_wconf 78' lang='grc'>161</span> 
     </span>
     <span class='ocr_line' id='line_1_12' title="bbox 159 1062 926 1134; baseline -0.001 -16"><span class='ocrx_word' id='word_1_67' title='bbox 159 1063 304 1118; x_wconf 87' lang='lat' dir='ltr'>Mnesthea</span> <span class='ocrx_word' id='word_1_68' title='bbox 315 1064 523 1134; x_wconf 82' lang='lat' dir='ltr'>Sergestumque</span> <span class='ocrx_word' id='word_1_69' title='bbox 535 1073 615 1117; x_wconf 83' lang='lat' dir='ltr'>vocet</span> <span class='ocrx_word' id='word_1_70' title='bbox 627 1063 776 1132; x_wconf 86' lang='lat' dir='ltr'>sortemque</span> <span class='ocrx_word' id='word_1_71' title='bbox 788 1062 926 1117; x_wconf 81' lang='lat' dir='ltr'>Serestum</span> 
     </span>
     <span class='ocr_line' id='line_1_13' title="bbox 159 1132 909 1202; baseline 0 -16"><span class='ocrx_word' id='word_1_72' title='bbox 159 1134 296 1201; x_wconf 88' lang='lat' dir='ltr'>Ductores,</span> <span class='ocrx_word' id='word_1_73' title='bbox 310 1133 498 1202; x_wconf 88' lang='lat' dir='ltr'>tumulumque</span> <span class='ocrx_word' id='word_1_74' title='bbox 510 1133 592 1201; x_wconf 90' lang='lat' dir='ltr'>capit,</span> <span class='ocrx_word' id='word_1_75' title='bbox 604 1141 760 1202; x_wconf 87' lang='lat' dir='ltr'>quacetera</span> <span class='ocrx_word' id='word_1_76' title='bbox 771 1132 909 1186; x_wconf 86' lang='lat' dir='ltr'>Teucrum</span> 
     </span>
     <span class='ocr_line' id='line_1_14' title="bbox 159 1200 1092 1271; baseline -0.003 -16"><span class='ocrx_word' id='word_1_77' title='bbox 159 1202 297 1255; x_wconf 83' lang='lat' dir='ltr'>Concurrit</span> <span class='ocrx_word' id='word_1_78' title='bbox 308 1202 384 1271; x_wconf 84' lang='lat' dir='ltr'>legio,</span> <span class='ocrx_word' id='word_1_79' title='bbox 397 1219 448 1256; x_wconf 92' lang='lat' dir='ltr'>nec</span> <span class='ocrx_word' id='word_1_80' title='bbox 460 1211 537 1254; x_wconf 88' lang='lat' dir='ltr'>scuta</span> <span class='ocrx_word' id='word_1_81' title='bbox 548 1213 595 1254; x_wconf 90' lang='lat' dir='ltr'>aut</span> <span class='ocrx_word' id='word_1_82' title='bbox 607 1201 709 1271; x_wconf 89' lang='lat' dir='ltr'>spicula</span> <span class='ocrx_word' id='word_1_83' title='bbox 720 1200 797 1254; x_wconf 87' lang='lat' dir='ltr'>densi</span> <span class='ocrx_word' id='word_1_84' title='bbox 1091 1254 1092 1261; x_wconf 62' lang='grc'>,</span> 
     </span>
     <span class='ocr_line' id='line_1_15' title="bbox 159 1266 1092 1345; baseline -0.003 -21"><span class='ocrx_word' id='word_1_85' title='bbox 159 1271 308 1340; x_wconf 72' lang='lat' dir='ltr'>Deponunt</span> <span class='ocrx_word' id='word_1_86' title='bbox 344 1271 421 1325; x_wconf 88' lang='lat' dir='ltr'>Celso</span> <span class='ocrx_word' id='word_1_87' title='bbox 433 1269 541 1324; x_wconf 89' lang='lat' dir='ltr'>medius</span> <span class='ocrx_word' id='word_1_88' title='bbox 552 1278 625 1323; x_wconf 85' lang='lat' dir='ltr'>stans</span> <span class='ocrx_word' id='word_1_89' title='bbox 635 1268 733 1339; x_wconf 81' lang='lat' dir='ltr'>eg&#39;gere</span> <span class='ocrx_word' id='word_1_90' title='bbox 745 1269 831 1323; x_wconf 82' lang='lat' dir='ltr'>fatur:</span> <span class='ocrx_word' id='word_1_91' title='bbox 1091 1266 1092 1345; x_wconf 73' lang='grc'>1</span> 
     </span>
     <span class='ocr_line' id='line_1_16' title="bbox 161 1339 1092 1410; baseline -0.002 -17"><span class='ocrx_word' id='word_1_92' title='bbox 161 1340 218 1393; x_wconf 86' lang='lat' dir='ltr'>‘Ne</span> <span class='ocrx_word' id='word_1_93' title='bbox 229 1355 283 1410; x_wconf 88' lang='lat' dir='ltr'>qua</span> <span class='ocrx_word' id='word_1_94' title='bbox 294 1341 364 1393; x_wconf 89' lang='lat' dir='ltr'>meis</span> <span class='ocrx_word' id='word_1_95' title='bbox 375 1351 431 1394; x_wconf 89' lang='lat' dir='ltr'>esto</span> <span class='ocrx_word' id='word_1_96' title='bbox 443 1339 523 1393; x_wconf 83' lang='lat' dir='ltr'>dictis</span> <span class='ocrx_word' id='word_1_97' title='bbox 534 1355 624 1408; x_wconf 69' lang='lat' dir='ltr'>mora,</span> <span class='ocrx_word' id='word_1_98' title='bbox 641 1340 743 1408; x_wconf 87' lang='lat' dir='ltr'>Jupiter</span> <span class='ocrx_word' id='word_1_99' title='bbox 754 1339 806 1392; x_wconf 88' lang='lat' dir='ltr'>hac</span> <span class='ocrx_word' id='word_1_100' title='bbox 818 1344 870 1391; x_wconf 89' lang='lat' dir='ltr'>stat</span> <span class='ocrx_word' id='word_1_101' title='bbox 876 1353 885 1406; x_wconf 80' lang='lat'>3</span> <span class='ocrx_word' id='word_1_102' title='bbox 953 1341 1000 1390; x_wconf 77' lang='grc'>161</span> <span class='ocrx_word' id='word_1_103' title='bbox 1091 1350 1092 1391; x_wconf 66' lang='lat' dir='ltr'>t</span> 
     </span>
     <span class='ocr_line' id='line_1_17' title="bbox 159 1407 1092 1479; baseline -0.001 -18"><span class='ocrx_word' id='word_1_104' title='bbox 159 1407 221 1461; x_wconf 92' lang='lat' dir='ltr'>Neu</span> <span class='ocrx_word' id='word_1_105' title='bbox 233 1409 294 1477; x_wconf 87' lang='lat' dir='ltr'>quis</span> <span class='ocrx_word' id='word_1_106' title='bbox 305 1408 340 1461; x_wconf 91' lang='lat' dir='ltr'>ob</span> <span class='ocrx_word' id='word_1_107' title='bbox 351 1409 488 1479; x_wconf 87' lang='lat' dir='ltr'>inceptum</span> <span class='ocrx_word' id='word_1_108' title='bbox 500 1408 620 1461; x_wconf 89' lang='lat' dir='ltr'>subitum</span> <span class='ocrx_word' id='word_1_109' title='bbox 633 1408 700 1461; x_wconf 87' lang='lat' dir='ltr'>mihi</span> <span class='ocrx_word' id='word_1_110' title='bbox 714 1408 818 1476; x_wconf 77' lang='lat' dir='ltr'>segnior</span> <span class='ocrx_word' id='word_1_111' title='bbox 830 1407 875 1460; x_wconf 91' lang='lat' dir='ltr'>ito.</span> <span class='ocrx_word' id='word_1_112' title='bbox 1091 1408 1092 1417; x_wconf 76' lang='grc'>’</span> 
     </span>
     <span class='ocr_line' id='line_1_18' title="bbox 158 1475 844 1547; baseline -0.004 -17"><span class='ocrx_word' id='word_1_113' title='bbox 158 1475 261 1531; x_wconf 81' lang='lat' dir='ltr'>Urbem</span> <span class='ocrx_word' id='word_1_114' title='bbox 273 1477 360 1547; x_wconf 87' lang='lat' dir='ltr'>hodie,</span> <span class='ocrx_word' id='word_1_115' title='bbox 373 1494 484 1531; x_wconf 87' lang='lat' dir='ltr'>causam</span> <span class='ocrx_word' id='word_1_116' title='bbox 497 1476 571 1545; x_wconf 88' lang='lat' dir='ltr'>belli,</span> <span class='ocrx_word' id='word_1_117' title='bbox 585 1494 666 1546; x_wconf 77' lang='lat' dir='ltr'>regna</span> <span class='ocrx_word' id='word_1_118' title='bbox 677 1478 736 1546; x_wconf 88' lang='lat' dir='ltr'>ipsa</span> <span class='ocrx_word' id='word_1_119' title='bbox 749 1476 844 1547; x_wconf 82' lang='lat' dir='ltr'>Latini,</span> 
     </span>
     <span class='ocr_line' id='line_1_19' title="bbox 158 1545 802 1617; baseline -0.002 -18"><span class='ocrx_word' id='word_1_120' title='bbox 158 1545 194 1599; x_wconf 91' lang='lat' dir='ltr'>Ni</span> <span class='ocrx_word' id='word_1_121' title='bbox 206 1545 311 1599; x_wconf 80' lang='lat' dir='ltr'>frenum</span> <span class='ocrx_word' id='word_1_122' title='bbox 323 1547 446 1617; x_wconf 87' lang='lat' dir='ltr'>accipere</span> <span class='ocrx_word' id='word_1_123' title='bbox 458 1554 486 1599; x_wconf 87' lang='lat' dir='ltr'>et</span> <span class='ocrx_word' id='word_1_124' title='bbox 497 1545 560 1599; x_wconf 84' lang='lat' dir='ltr'>victi</span> <span class='ocrx_word' id='word_1_125' title='bbox 574 1562 666 1615; x_wconf 86' lang='lat' dir='ltr'>parere</span> <span class='ocrx_word' id='word_1_126' title='bbox 678 1548 802 1612; x_wconf 78' lang='lat' dir='ltr'>fatentur,</span> 
     </span>
     <span class='ocr_line' id='line_1_20' title="bbox 160 1614 867 1684; baseline 0 -18"><span class='ocrx_word' id='word_1_127' title='bbox 160 1614 269 1684; x_wconf 87' lang='lat' dir='ltr'>Eruam,</span> <span class='ocrx_word' id='word_1_128' title='bbox 282 1623 310 1667; x_wconf 90' lang='lat' dir='ltr'>et</span> <span class='ocrx_word' id='word_1_129' title='bbox 321 1632 410 1684; x_wconf 88' lang='lat' dir='ltr'>aequa</span> <span class='ocrx_word' id='word_1_130' title='bbox 421 1614 476 1668; x_wconf 90' lang='lat' dir='ltr'>solo</span> <span class='ocrx_word' id='word_1_131' title='bbox 488 1614 619 1668; x_wconf 85' lang='lat' dir='ltr'>sumentia</span> <span class='ocrx_word' id='word_1_132' title='bbox 630 1615 749 1668; x_wconf 87' lang='lat' dir='ltr'>eulmina</span> <span class='ocrx_word' id='word_1_133' title='bbox 759 1630 867 1684; x_wconf 85' lang='lat' dir='ltr'>ponam.</span> 
     </span>
     <span class='ocr_line' id='line_1_21' title="bbox 159 1681 1092 1753; baseline -0.003 -17"><span class='ocrx_word' id='word_1_134' title='bbox 159 1681 266 1736; x_wconf 85' lang='lat' dir='ltr'>Scilicet</span> <span class='ocrx_word' id='word_1_135' title='bbox 277 1692 439 1753; x_wconf 81' lang='lat' dir='ltr'>exspectem,</span> <span class='ocrx_word' id='word_1_136' title='bbox 452 1683 535 1738; x_wconf 88' lang='lat' dir='ltr'>libeat</span> <span class='ocrx_word' id='word_1_137' title='bbox 548 1685 614 1737; x_wconf 91' lang='lat' dir='ltr'>dum</span> <span class='ocrx_word' id='word_1_138' title='bbox 626 1684 726 1753; x_wconf 87' lang='lat' dir='ltr'>proelia</span> <span class='ocrx_word' id='word_1_139' title='bbox 736 1684 825 1737; x_wconf 87' lang='lat' dir='ltr'>Turno</span> <span class='ocrx_word' id='word_1_140' title='bbox 953 1683 1001 1734; x_wconf 77' lang='grc'>170</span> <span class='ocrx_word' id='word_1_141' title='bbox 1091 1748 1092 1751; x_wconf 9' lang='lat'>¹</span> 
     </span>
     <span class='ocr_line' id='line_1_22' title="bbox 159 1751 1092 1822; baseline -0.001 -17"><span class='ocrx_word' id='word_1_142' title='bbox 159 1751 255 1805; x_wconf 86' lang='lat' dir='ltr'>Nostra</span> <span class='ocrx_word' id='word_1_143' title='bbox 266 1751 330 1822; x_wconf 86' lang='lat' dir='ltr'>pati,</span> <span class='ocrx_word' id='word_1_144' title='bbox 345 1769 486 1822; x_wconf 84' lang='lat' dir='ltr'>rursusque</span> <span class='ocrx_word' id='word_1_145' title='bbox 498 1752 563 1806; x_wconf 83' lang='lat' dir='ltr'>velit</span> <span class='ocrx_word' id='word_1_146' title='bbox 575 1769 731 1806; x_wconf 84' lang='lat' dir='ltr'>concurrere</span> <span class='ocrx_word' id='word_1_147' title='bbox 743 1751 849 1805; x_wconf 72' lang='lat' dir='ltr'>victusi</span> <span class='ocrx_word' id='word_1_148' title='bbox 1091 1758 1092 1787; x_wconf 66' lang='lat'><strong>³</strong></span> 
     </span>
     <span class='ocr_line' id='line_1_23' title="bbox 160 1819 849 1892; baseline -0.001 -18"><span class='ocrx_word' id='word_1_149' title='bbox 160 1819 218 1874; x_wconf 87' lang='lat' dir='ltr'>Hoc</span> <span class='ocrx_word' id='word_1_150' title='bbox 229 1838 263 1873; x_wconf 90' lang='lat' dir='ltr'>ca</span> <span class='ocrx_word' id='word_1_151' title='bbox 300 1830 318 1891; x_wconf 86' lang='lat' dir='ltr'>t,</span> <span class='ocrx_word' id='word_1_152' title='bbox 331 1838 347 1873; x_wconf 92' lang='lat' dir='ltr'>o</span> <span class='ocrx_word' id='word_1_153' title='bbox 358 1822 441 1892; x_wconf 85' lang='lat' dir='ltr'>cives,</span> <span class='ocrx_word' id='word_1_154' title='bbox 455 1822 523 1875; x_wconf 86' lang='lat' dir='ltr'>haec</span> <span class='ocrx_word' id='word_1_155' title='bbox 537 1821 601 1876; x_wconf 85' lang='lat' dir='ltr'>belii</span> <span class='ocrx_word' id='word_1_156' title='bbox 612 1819 849 1875; x_wconf 80' lang='lat' dir='ltr'>summaneiandi.</span> 
     </span>
     <span class='ocr_line' id='line_1_24' title="bbox 159 1889 904 1960; baseline 0 -18"><span class='ocrx_word' id='word_1_157' title='bbox 159 1889 239 1942; x_wconf 82' lang='lat' dir='ltr'>Ferte</span> <span class='ocrx_word' id='word_1_158' title='bbox 262 1908 326 1943; x_wconf 87' lang='lat' dir='ltr'>aces</span> <span class='ocrx_word' id='word_1_159' title='bbox 336 1907 455 1960; x_wconf 84' lang='lat' dir='ltr'>propere,</span> <span class='ocrx_word' id='word_1_160' title='bbox 468 1890 614 1960; x_wconf 74' lang='lat' dir='ltr'>scelusque</span> <span class='ocrx_word' id='word_1_161' title='bbox 627 1891 755 1960; x_wconf 89' lang='lat' dir='ltr'>reposcite</span> <span class='ocrx_word' id='word_1_162' title='bbox 768 1889 904 1943; x_wconf 66' lang='lat' dir='ltr'>flammis.³</span> 
     </span>
     <span class='ocr_line' id='line_1_25' title="bbox 160 1958 868 2029; baseline -0.001 -17"><span class='ocrx_word' id='word_1_163' title='bbox 160 1960 277 2029; x_wconf 76' lang='lat' dir='ltr'>Dixerat,</span> <span class='ocrx_word' id='word_1_164' title='bbox 288 1968 369 2028; x_wconf 88' lang='lat' dir='ltr'>atque</span> <span class='ocrx_word' id='word_1_165' title='bbox 381 1959 479 2013; x_wconf 85' lang='lat' dir='ltr'>animis</span> <span class='ocrx_word' id='word_1_166' title='bbox 491 1961 589 2028; x_wconf 83' lang='lat' dir='ltr'>pariter</span> <span class='ocrx_word' id='word_1_167' title='bbox 600 1958 763 2012; x_wconf 80' lang='lat' dir='ltr'>certantibus</span> <span class='ocrx_word' id='word_1_168' title='bbox 774 1976 868 2012; x_wconf 88' lang='lat' dir='ltr'>ornnes</span> 
     </span>
     <span class='ocr_line' id='line_1_26' title="bbox 160 2027 1002 2107; baseline -0.001 -28"><span class='ocrx_word' id='word_1_169' title='bbox 160 2028 231 2079; x_wconf 86' lang='lat' dir='ltr'>Dant</span> <span class='ocrx_word' id='word_1_170' title='bbox 242 2045 368 2097; x_wconf 89' lang='lat' dir='ltr'>cuneum,</span> <span class='ocrx_word' id='word_1_171' title='bbox 381 2028 518 2107; x_wconf 88' lang='lat' dir='ltr'>densaque</span> <span class='ocrx_word' id='word_1_172' title='bbox 530 2028 564 2082; x_wconf 88' lang='lat' dir='ltr'>ad</span> <span class='ocrx_word' id='word_1_173' title='bbox 577 2046 668 2082; x_wconf 88' lang='lat' dir='ltr'>muros</span> <span class='ocrx_word' id='word_1_174' title='bbox 678 2028 749 2081; x_wconf 85' lang='lat' dir='ltr'>mole</span> <span class='ocrx_word' id='word_1_175' title='bbox 761 2027 889 2082; x_wconf 83' lang='lat' dir='ltr'>feruntur.</span> <span class='ocrx_word' id='word_1_176' title='bbox 954 2027 1002 2079; x_wconf 79' lang='grc'><strong>1171</strong></span> 
     </span>
     <span class='ocr_line' id='line_1_27' title="bbox 160 2095 1092 2167; baseline 0.006 -21"><span class='ocrx_word' id='word_1_177' title='bbox 160 2095 254 2148; x_wconf 77' lang='lat' dir='ltr'>Scalae</span> <span class='ocrx_word' id='word_1_178' title='bbox 267 2097 409 2166; x_wconf 87' lang='lat' dir='ltr'>improviso</span> <span class='ocrx_word' id='word_1_179' title='bbox 421 2098 578 2166; x_wconf 78' lang='lat' dir='ltr'>subitusque</span> <span class='ocrx_word' id='word_1_180' title='bbox 590 2098 712 2167; x_wconf 85' lang='lat' dir='ltr'>apparuit</span> <span class='ocrx_word' id='word_1_181' title='bbox 724 2097 800 2166; x_wconf 82' lang='lat' dir='ltr'>ignia</span> <span class='ocrx_word' id='word_1_182' title='bbox 896 2102 898 2107; x_wconf 88' lang='lat'>&#39;</span> <span class='ocrx_word' id='word_1_183' title='bbox 1091 2102 1092 2105; x_wconf 74' lang='grc'>’</span> 
     </span>
     <span class='ocr_line' id='line_1_28' title="bbox 161 2164 838 2237; baseline 0.003 -21"><span class='ocrx_word' id='word_1_184' title='bbox 161 2164 315 2218; x_wconf 90' lang='lat' dir='ltr'>Discurrunt</span> <span class='ocrx_word' id='word_1_185' title='bbox 326 2167 371 2219; x_wconf 89' lang='lat' dir='ltr'>alii</span> <span class='ocrx_word' id='word_1_186' title='bbox 383 2167 418 2220; x_wconf 87' lang='lat' dir='ltr'>ad</span> <span class='ocrx_word' id='word_1_187' title='bbox 431 2176 519 2237; x_wconf 82' lang='lat' dir='ltr'>portas</span> <span class='ocrx_word' id='word_1_188' title='bbox 551 2167 684 2235; x_wconf 88' lang='lat' dir='ltr'>rimosque</span> <span class='ocrx_word' id='word_1_189' title='bbox 697 2165 838 2237; x_wconf 82' lang='lat' dir='ltr'>trucidant,</span> 
     </span>
     <span class='ocr_line' id='line_1_29' title="bbox 162 2184 878 2305; baseline 0.006 -19"><span class='ocrx_word' id='word_1_190' title='bbox 162 2233 272 2287; x_wconf 87' lang='lat' dir='ltr'>Ferrum</span> <span class='ocrx_word' id='word_1_191' title='bbox 284 2234 330 2287; x_wconf 83' lang='lat' dir='ltr'>atii</span> <span class='ocrx_word' id='word_1_192' title='bbox 343 2243 467 2305; x_wconf 88' lang='lat' dir='ltr'>torquent</span> <span class='ocrx_word' id='word_1_193' title='bbox 478 2245 506 2289; x_wconf 89' lang='lat' dir='ltr'>et</span> <span class='ocrx_word' id='word_1_194' title='bbox 516 2184 676 2290; x_wconf 73' lang='lat' dir='ltr'>obumbrant</span> <span class='ocrx_word' id='word_1_195' title='bbox 689 2236 798 2288; x_wconf 89' lang='lat' dir='ltr'>aethera</span> <span class='ocrx_word' id='word_1_196' title='bbox 811 2235 878 2290; x_wconf 88' lang='lat' dir='ltr'>telis.</span> 
     </span>
     <span class='ocr_line' id='line_1_30' title="bbox 162 2302 829 2375; baseline 0.004 -20"><span class='ocrx_word' id='word_1_197' title='bbox 162 2302 224 2371; x_wconf 85' lang='lat' dir='ltr'>Ipse</span> <span class='ocrx_word' id='word_1_198' title='bbox 236 2303 305 2356; x_wconf 88' lang='lat' dir='ltr'>inter</span> <span class='ocrx_word' id='word_1_199' title='bbox 316 2305 417 2375; x_wconf 88' lang='lat' dir='ltr'>primes</span> <span class='ocrx_word' id='word_1_200' title='bbox 427 2305 549 2360; x_wconf 82' lang='lat' dir='ltr'>dextram</span> <span class='ocrx_word' id='word_1_201' title='bbox 561 2305 612 2358; x_wconf 90' lang='lat' dir='ltr'>sub</span> <span class='ocrx_word' id='word_1_202' title='bbox 624 2305 733 2358; x_wconf 90' lang='lat' dir='ltr'>moenia</span> <span class='ocrx_word' id='word_1_203' title='bbox 745 2304 829 2358; x_wconf 91' lang='lat' dir='ltr'>tendit</span> 
     </span>
     <span class='ocr_line' id='line_1_31' title="bbox 161 2374 1092 2444; baseline -0.001 -19"><span class='ocrx_word' id='word_1_204' title='bbox 161 2374 276 2442; x_wconf 86' lang='lat' dir='ltr'>Aeneas,</span> <span class='ocrx_word' id='word_1_205' title='bbox 290 2390 441 2444; x_wconf 86' lang='lat' dir='ltr'>magnaque</span> <span class='ocrx_word' id='word_1_206' title='bbox 453 2375 558 2427; x_wconf 89' lang='lat' dir='ltr'>incusat</span> <span class='ocrx_word' id='word_1_207' title='bbox 571 2391 635 2427; x_wconf 89' lang='lat' dir='ltr'>voce</span> <span class='ocrx_word' id='word_1_208' title='bbox 648 2374 782 2442; x_wconf 88' lang='lat' dir='ltr'>Latinum,</span> <span class='ocrx_word' id='word_1_209' title='bbox 954 2375 1003 2424; x_wconf 82' lang='lat'>580</span> <span class='ocrx_word' id='word_1_210' title='bbox 1091 2394 1092 2409; x_wconf 54' lang='lat'>¹</span> 
     </span>
     <span class='ocr_line' id='line_1_32' title="bbox 161 2441 817 2512; baseline 0 -19"><span class='ocrx_word' id='word_1_211' title='bbox 161 2441 339 2512; x_wconf 88' lang='lat' dir='ltr'>Testaturque</span> <span class='ocrx_word' id='word_1_212' title='bbox 351 2442 423 2512; x_wconf 89' lang='lat' dir='ltr'>deos,</span> <span class='ocrx_word' id='word_1_213' title='bbox 437 2445 536 2497; x_wconf 88' lang='lat' dir='ltr'>iterum</span> <span class='ocrx_word' id='word_1_214' title='bbox 548 2461 577 2496; x_wconf 89' lang='lat' dir='ltr'>se</span> <span class='ocrx_word' id='word_1_215' title='bbox 589 2443 624 2496; x_wconf 89' lang='lat' dir='ltr'>ad</span> <span class='ocrx_word' id='word_1_216' title='bbox 636 2442 737 2512; x_wconf 83' lang='lat' dir='ltr'>proelia</span> <span class='ocrx_word' id='word_1_217' title='bbox 748 2441 817 2510; x_wconf 88' lang='lat' dir='ltr'>cogi,</span> 
     </span>
     <span class='ocr_line' id='line_1_33' title="bbox 161 2508 931 2582; baseline 0 -19"><span class='ocrx_word' id='word_1_218' title='bbox 161 2509 207 2563; x_wconf 90' lang='lat' dir='ltr'>Bis</span> <span class='ocrx_word' id='word_1_219' title='bbox 217 2508 273 2580; x_wconf 86' lang='lat' dir='ltr'>jam</span> <span class='ocrx_word' id='word_1_220' title='bbox 285 2511 365 2565; x_wconf 87' lang='lat' dir='ltr'>Italos</span> <span class='ocrx_word' id='word_1_221' title='bbox 377 2512 467 2580; x_wconf 91' lang='lat' dir='ltr'>hostis,</span> <span class='ocrx_word' id='word_1_222' title='bbox 481 2513 550 2566; x_wconf 88' lang='lat' dir='ltr'>haec</span> <span class='ocrx_word' id='word_1_223' title='bbox 560 2511 616 2582; x_wconf 88' lang='lat' dir='ltr'>jam</span> <span class='ocrx_word' id='word_1_224' title='bbox 628 2512 712 2565; x_wconf 82' lang='lat' dir='ltr'>altera</span> <span class='ocrx_word' id='word_1_225' title='bbox 723 2510 833 2564; x_wconf 86' lang='lat' dir='ltr'>foedera</span> <span class='ocrx_word' id='word_1_226' title='bbox 844 2511 931 2581; x_wconf 91' lang='lat' dir='ltr'>rumpi</span> 
     </span>
     <span class='ocr_line' id='line_1_34' title="bbox 161 2579 729 2651; baseline 0 -19"><span class='ocrx_word' id='word_1_227' title='bbox 161 2579 285 2633; x_wconf 85' lang='lat' dir='ltr'>Exoritur</span> <span class='ocrx_word' id='word_1_228' title='bbox 297 2581 413 2651; x_wconf 89' lang='lat' dir='ltr'>trepidos</span> <span class='ocrx_word' id='word_1_229' title='bbox 424 2583 493 2635; x_wconf 90' lang='lat' dir='ltr'>inter</span> <span class='ocrx_word' id='word_1_230' title='bbox 505 2581 636 2635; x_wconf 87' lang='lat' dir='ltr'>discordia</span> <span class='ocrx_word' id='word_1_231' title='bbox 648 2581 729 2635; x_wconf 87' lang='lat' dir='ltr'>civis:</span> 
     </span>
    </p>

    <p class='ocr_par' dir='ltr' id='par_1_4' title="bbox 80 2646 1092 3062">
     <span class='ocr_line' id='line_1_35' title="bbox 80 2646 825 2720; baseline 0.003 -20"><span class='ocrx_word' id='word_1_232' title='bbox 80 2686 82 2689; x_wconf 88' lang='lat'>-</span> <span class='ocrx_word' id='word_1_233' title='bbox 100 2705 104 2712; x_wconf 56' lang='grc'><strong>,</strong></span> <span class='ocrx_word' id='word_1_234' title='bbox 162 2646 264 2702; x_wconf 91' lang='lat' dir='ltr'>Urbem</span> <span class='ocrx_word' id='word_1_235' title='bbox 275 2649 320 2702; x_wconf 85' lang='lat' dir='ltr'>alii</span> <span class='ocrx_word' id='word_1_236' title='bbox 333 2667 450 2703; x_wconf 87' lang='lat' dir='ltr'>reserare</span> <span class='ocrx_word' id='word_1_237' title='bbox 461 2649 556 2720; x_wconf 88' lang='lat' dir='ltr'>jubent</span> <span class='ocrx_word' id='word_1_238' title='bbox 567 2658 594 2703; x_wconf 91' lang='lat' dir='ltr'>et</span> <span class='ocrx_word' id='word_1_239' title='bbox 606 2649 723 2719; x_wconf 87' lang='lat' dir='ltr'>pandere</span> <span class='ocrx_word' id='word_1_240' title='bbox 735 2656 825 2718; x_wconf 83' lang='lat' dir='ltr'>portas</span> 
     </span>
     <span class='ocr_line' id='line_1_36' title="bbox 162 2714 1092 2789; baseline -0.003 -19"><span class='ocrx_word' id='word_1_241' title='bbox 162 2717 329 2789; x_wconf 85' lang='lat' dir='ltr'>Dardanidis,</span> <span class='ocrx_word' id='word_1_242' title='bbox 343 2721 485 2789; x_wconf 87' lang='lat' dir='ltr'>ipsumque</span> <span class='ocrx_word' id='word_1_243' title='bbox 498 2719 604 2773; x_wconf 83' lang='lat' dir='ltr'>trahunt</span> <span class='ocrx_word' id='word_1_244' title='bbox 616 2720 641 2771; x_wconf 89' lang='lat' dir='ltr'>in</span> <span class='ocrx_word' id='word_1_245' title='bbox 655 2719 761 2772; x_wconf 83' lang='lat' dir='ltr'>moenia</span> <span class='ocrx_word' id='word_1_246' title='bbox 773 2734 865 2786; x_wconf 73' lang='lat' dir='ltr'>regern</span> <span class='ocrx_word' id='word_1_247' title='bbox 872 2735 881 2787; x_wconf 83' lang='lat'><em>3</em></span> <span class='ocrx_word' id='word_1_248' title='bbox 956 2715 1006 2767; x_wconf 68' lang='lat'>585</span> <span class='ocrx_word' id='word_1_249' title='bbox 1091 2714 1092 2775; x_wconf 71' lang='grc'>1</span> 
     </span>
     <span class='ocr_line' id='line_1_37' title="bbox 163 2786 1092 2857; baseline 0.002 -20"><span class='ocrx_word' id='word_1_250' title='bbox 163 2787 246 2839; x_wconf 83' lang='lat' dir='ltr'>Arma</span> <span class='ocrx_word' id='word_1_251' title='bbox 257 2786 345 2842; x_wconf 84' lang='lat' dir='ltr'>ferunt</span> <span class='ocrx_word' id='word_1_252' title='bbox 356 2788 402 2841; x_wconf 87' lang='lat' dir='ltr'>alii</span> <span class='ocrx_word' id='word_1_253' title='bbox 414 2799 441 2841; x_wconf 89' lang='lat' dir='ltr'>et</span> <span class='ocrx_word' id='word_1_254' title='bbox 453 2796 566 2857; x_wconf 86' lang='lat' dir='ltr'>pergunt</span> <span class='ocrx_word' id='word_1_255' title='bbox 577 2786 724 2841; x_wconf 80' lang='lat' dir='ltr'>defendere</span> <span class='ocrx_word' id='word_1_256' title='bbox 737 2803 843 2840; x_wconf 81' lang='lat' dir='ltr'>muros:</span> <span class='ocrx_word' id='word_1_257' title='bbox 1091 2794 1092 2817; x_wconf 46' lang='lat' dir='ltr'>i</span> 
     </span>
     <span class='ocr_line' id='line_1_38' title="bbox 161 2854 802 2926; baseline -0.002 -18"><span class='ocrx_word' id='word_1_258' title='bbox 161 2854 284 2908; x_wconf 87' lang='lat' dir='ltr'>Inclusas</span> <span class='ocrx_word' id='word_1_259' title='bbox 295 2866 324 2910; x_wconf 90' lang='lat' dir='ltr'>ut</span> <span class='ocrx_word' id='word_1_260' title='bbox 334 2873 399 2910; x_wconf 89' lang='lat' dir='ltr'>cnm</span> <span class='ocrx_word' id='word_1_261' title='bbox 413 2856 543 2910; x_wconf 79' lang='lat' dir='ltr'>latebroso</span> <span class='ocrx_word' id='word_1_262' title='bbox 555 2856 582 2909; x_wconf 90' lang='lat' dir='ltr'>in</span> <span class='ocrx_word' id='word_1_263' title='bbox 595 2858 702 2926; x_wconf 88' lang='lat' dir='ltr'>pumice</span> <span class='ocrx_word' id='word_1_264' title='bbox 714 2863 802 2925; x_wconf 87' lang='lat' dir='ltr'>pastor</span> 
     </span>
     <span class='ocr_line' id='line_1_39' title="bbox 162 2922 790 2994; baseline 0.003 -19"><span class='ocrx_word' id='word_1_265' title='bbox 162 2922 311 2992; x_wconf 75' lang='lat' dir='ltr'>vestigavit</span> <span class='ocrx_word' id='word_1_266' title='bbox 322 2941 395 2994; x_wconf 86' lang='lat' dir='ltr'>apes,</span> <span class='ocrx_word' id='word_1_267' title='bbox 409 2925 538 2994; x_wconf 82' lang='lat' dir='ltr'>fumoque</span> <span class='ocrx_word' id='word_1_268' title='bbox 549 2925 671 2993; x_wconf 87' lang='lat' dir='ltr'>implevit</span> <span class='ocrx_word' id='word_1_269' title='bbox 682 2939 790 2993; x_wconf 73' lang='lat' dir='ltr'>amaro,</span> 
     </span>
     <span class='ocr_line' id='line_1_40' title="bbox 162 2990 791 3062; baseline 0.006 -20"><span class='ocrx_word' id='word_1_270' title='bbox 162 2990 228 3043; x_wconf 87' lang='lat' dir='ltr'>lllae</span> <span class='ocrx_word' id='word_1_271' title='bbox 240 2993 312 3045; x_wconf 87' lang='lat' dir='ltr'>intus</span> <span class='ocrx_word' id='word_1_272' title='bbox 322 2994 442 3062; x_wconf 88' lang='lat' dir='ltr'>trepidae</span> <span class='ocrx_word' id='word_1_273' title='bbox 455 3011 543 3046; x_wconf 90' lang='lat' dir='ltr'>rerum</span> <span class='ocrx_word' id='word_1_274' title='bbox 555 3010 603 3062; x_wconf 86' lang='lat' dir='ltr'>per</span> <span class='ocrx_word' id='word_1_275' title='bbox 614 3011 693 3046; x_wconf 87' lang='lat' dir='ltr'>cerea</span> <span class='ocrx_word' id='word_1_276' title='bbox 704 3001 791 3046; x_wconf 86' lang='lat' dir='ltr'>castra</span> 
     </span>
    </p>
   </div>
   <div class='ocr_carea' id='block_1_3' title="bbox 93 3105 1017 3407">
    <p class='ocr_par' dir='ltr' id='par_1_5' title="bbox 93 3105 1016 3345">
     <span class='ocr_line' id='line_1_41' title="bbox 122 3105 1012 3179; baseline 0.001 -26"><span class='ocrx_word' id='word_1_277' title='bbox 122 3111 184 3174; x_wconf 33' lang='lat'>554..</span> <span class='ocrx_word' id='word_1_278' title='bbox 192 3107 307 3165; x_wconf 76' lang='lat' dir='ltr'>Mentem,</span> <span class='ocrx_word' id='word_1_279' title='bbox 320 3110 456 3179; x_wconf 84' lang='lat' dir='ltr'>consilium.</span> <span class='ocrx_word' id='word_1_280' title='bbox 465 3115 558 3159; x_wconf 83' lang='lat'>-565.</span> <span class='ocrx_word' id='word_1_281' title='bbox 576 3110 639 3166; x_wconf 77' lang='lat' dir='ltr'>Hoc,</span> <span class='ocrx_word' id='word_1_282' title='bbox 654 3116 700 3159; x_wconf 91' lang='lat' dir='ltr'>‘on</span> <span class='ocrx_word' id='word_1_283' title='bbox 715 3125 760 3159; x_wconf 88' lang='lat' dir='ltr'>our</span> <span class='ocrx_word' id='word_1_284' title='bbox 774 3108 847 3159; x_wconf 65' lang='lat' dir='ltr'>side!</span> <span class='ocrx_word' id='word_1_285' title='bbox 880 3109 940 3158; x_wconf 84' lang='lat' dir='ltr'>Said</span> <span class='ocrx_word' id='word_1_286' title='bbox 950 3105 1012 3177; x_wconf 69' lang='grc'><strong>111111</strong></span> 
     </span>
     <span class='ocr_line' id='line_1_42' title="bbox 93 3165 1015 3277; baseline 0.011 -13"><span class='ocrx_word' id='word_1_287' title='bbox 93 3165 1015 3277; x_wconf 64' lang='grc'><strong>1111111111111111111111111·111</strong></span> 
     </span>
     <span class='ocr_line' id='line_1_43' title="bbox 93 3243 1016 3345; baseline 0 -11"><span class='ocrx_word' id='word_1_288' title='bbox 93 3275 147 3327; x_wconf 64' lang='lat'>2⁴⁹2</span> <span class='ocrx_word' id='word_1_289' title='bbox 160 3276 219 3333; x_wconf 52' lang='lat' dir='ltr'>&amp;et</span> <span class='ocrx_word' id='word_1_290' title='bbox 232 3284 286 3336; x_wconf 84' lang='lat'>519,</span> <span class='ocrx_word' id='word_1_291' title='bbox 300 3262 359 3339; x_wconf 72' lang='lat' dir='ltr'>ci„</span> <span class='ocrx_word' id='word_1_292' title='bbox 372 3286 434 3332; x_wconf 74' lang='lat' dir='ltr'>wnn</span> <span class='ocrx_word' id='word_1_293' title='bbox 452 3263 503 3342; x_wconf 71' lang='lat' dir='ltr'>in}</span> <span class='ocrx_word' id='word_1_294' title='bbox 517 3265 576 3342; x_wconf 67' lang='lat' dir='ltr'>ael,</span> <span class='ocrx_word' id='word_1_295' title='bbox 589 3291 644 3343; x_wconf 78' lang='grc'><strong>111,</strong></span> <span class='ocrx_word' id='word_1_296' title='bbox 658 3247 718 3345; x_wconf 68' lang='lat' dir='ltr'>inf,</span> <span class='ocrx_word' id='word_1_297' title='bbox 730 3264 764 3336; x_wconf 81' lang='lat' dir='ltr'>’or</span> <span class='ocrx_word' id='word_1_298' title='bbox 775 3266 825 3336; x_wconf 78' lang='lat' dir='ltr'>nia</span> <span class='ocrx_word' id='word_1_299' title='bbox 841 3243 1016 3337; x_wconf 52' lang='lat' dir='ltr'>confflem</span> 
     </span>
    </p>

    <p class='ocr_par' dir='ltr' id='par_1_6' title="bbox 161 3337 1017 3407">
     <span class='ocr_line' id='line_1_44' title="bbox 161 3337 1017 3407; baseline 0.014 -24"><span class='ocrx_word' id='word_1_300' title='bbox 161 3341 215 3387; x_wconf 72' lang='lat' dir='ltr'>unt,</span> <span class='ocrx_word' id='word_1_301' title='bbox 226 3337 321 3386; x_wconf 86' lang='lat' dir='ltr'>trahere</span> <span class='ocrx_word' id='word_1_302' title='bbox 332 3340 426 3390; x_wconf 83' lang='lat' dir='ltr'>volunt.</span> <span class='ocrx_word' id='word_1_303' title='bbox 449 3343 504 3392; x_wconf 81' lang='lat' dir='ltr'>&#39;I&#39;he</span> <span class='ocrx_word' id='word_1_304' title='bbox 515 3357 613 3405; x_wconf 87' lang='lat' dir='ltr'>present</span> <span class='ocrx_word' id='word_1_305' title='bbox 624 3361 706 3395; x_wconf 89' lang='lat' dir='ltr'>seems</span> <span class='ocrx_word' id='word_1_306' title='bbox 715 3346 776 3395; x_wconf 87' lang='lat' dir='ltr'>used</span> <span class='ocrx_word' id='word_1_307' title='bbox 786 3363 814 3395; x_wconf 88' lang='lat' dir='ltr'>as</span> <span class='ocrx_word' id='word_1_308' title='bbox 824 3347 868 3396; x_wconf 88' lang='lat' dir='ltr'>the</span> <span class='ocrx_word' id='word_1_309' title='bbox 878 3345 1017 3407; x_wconf 72' lang='lat' dir='ltr'>imperfect.</span> 
     </span>
    </p>
   </div>
   <div class='ocr_carea' id='block_1_4' title="bbox 93 3382 1020 3521">
    <p class='ocr_par' dir='ltr' id='par_1_7' title="bbox 93 3382 1020 3521">
     <span class='ocr_line' id='line_1_45' title="bbox 93 3382 1020 3502; baseline 0.025 -66"><span class='ocrx_word' id='word_1_310' title='bbox 93 3382 367 3502; x_wconf 43' lang='grc' dir='ltr'>ἓξῆἒξὼίζωίεε.</span> <span class='ocrx_word' id='word_1_311' title='bbox 399 3400 456 3449; x_wconf 76' lang='lat' dir='ltr'>&#39;Phe</span> <span class='ocrx_word' id='word_1_312' title='bbox 471 3419 540 3452; x_wconf 88' lang='lat' dir='ltr'>same</span> <span class='ocrx_word' id='word_1_313' title='bbox 555 3413 653 3455; x_wconf 88' lang='lat' dir='ltr'>oustom</span> <span class='ocrx_word' id='word_1_314' title='bbox 668 3405 689 3455; x_wconf 87' lang='lat' dir='ltr'>is</span> <span class='ocrx_word' id='word_1_315' title='bbox 704 3406 785 3457; x_wconf 80' lang='lat' dir='ltr'>stated</span> <span class='ocrx_word' id='word_1_316' title='bbox 797 3406 885 3470; x_wconf 75' lang='lat' dir='ltr'>Georg.</span> <span class='ocrx_word' id='word_1_317' title='bbox 896 3406 928 3456; x_wconf 80' lang='grc'>11.</span> <span class='ocrx_word' id='word_1_318' title='bbox 940 3407 1020 3456; x_wconf 58' lang='lat' dir='ltr'>sse·</span> 
     </span>
     <span class='ocr_line' id='line_1_46' title="bbox 306 3458 657 3521; baseline 0.043 -22"><span class='ocrx_word' id='word_1_319' title='bbox 306 3470 378 3504; x_wconf 74' lang='lat' dir='ltr'>erun.</span> <span class='ocrx_word' id='word_1_320' title='bbox 410 3458 601 3521; x_wconf 69' lang='lat' dir='ltr'>zanunim.</span> <span class='ocrx_word' id='word_1_321' title='bbox 653 3508 657 3514; x_wconf 88' lang='lat'>.</span> 
     </span>
    </p>
   </div>
   <div class='ocr_carea' id='block_1_5' title="bbox 0 50 1128 3826">
    <p class='ocr_par' dir='ltr' id='par_1_8' title="bbox 0 50 1128 3826">
     <span class='ocr_line' id='line_1_47' title="bbox 0 50 1128 3826; baseline 0 0"><span class='ocrx_word' id='word_1_322' title='bbox 0 50 1128 3826; x_wconf 95' lang='lat' dir='ltr'> </span> 
     </span>
    </p>
   </div>
  </div>
 </body>
</html>
