2320 3744
500 177 686 223 θΙΟΒΘΙῦΟΝ.

195 303 248 360 Per
259 310 366 369 terma,
379 312 407 360 et
418 321 526 361 summo
537 306 653 376 vestigia
663 307 774 377 pulvere
786 313 892 378 ugneru
899 322 909 376 3

196 373 260 428 Post
272 375 360 428 valido
371 376 462 429 nitens
472 377 523 430 sub
535 376 653 446 pondere
665 378 773 445 l'aginus
783 379 843 431 arie

196 444 338 514 Inatreput,
351 454 378 498 et
389 444 496 525 junctos
508 455 580 500 terne
592 445 679 500 trahat
690 463 788 501 aereus
799 448 879 501 orbiu.

197 514 303 567 Interea
314 514 378 584 pubi
391 515 537 569 indomitae
548 531 602 569 uon
612 516 733 584 gramina
744 525 858 585 tantum,

196 584 256 637 Nec
268 600 364 638 vescas
375 584 489 640 salicum
501 584 609 638 frondes
620 584 767 655 ulvamque
778 587 934 656 palustrem,
1003 590 1057 640 m

196 653 250 708 Sed
262 652 397 708 frumenta
409 671 491 709 mauu
502 670 598 724 carpes
609 662 676 708 satu.
712 656 773 710 Nec
785 656 834 711 tibi
847 655 928 727 fetae,

196 722 275 777 More
287 732 401 794 petrum,
414 723 494 779 uirea
506 724 658 793 implebunt
670 724 823 779 mulctraria
834 741 943 795 vaccae,

196 792 249 847 Sed
262 800 316 846 tcta
328 793 356 846 in
367 793 456 847 dulcis
466 802 626 848 consument
638 793 819 849 uberauatus.

230 861 275 915 Sin
288 862 323 915 ad
335 862 408 916 bella
419 863 506 932 megia
516 862 636 919 studium
648 871 804 935 turmasque
815 863 919 920 feracia.

194 934 250 985 Aut
262 930 369 1001 Alphee
381 932 444 985 rotis
456 931 575 1002 praelabi
588 933 701 987 flumina
712 934 799 1004 Pisae,
1001 935 1056 986 180

196 1001 231 1055 Εῑ
242 1000 317 1057 Jcris
327 1000 357 1054 in
367 1000 429 1054 lucc
440 1018 534 1056 currus
544 1002 646 1070 agitare
658 1002 787 1057 volantis:

196 1070 303 1125 Primus
314 1070 378 1140 equi
390 1070 463 1125 labor
475 1083 515 1125 eet
527 1072 632 1127 animes
643 1082 726 1143 atque
737 1089 813 1127 arma
825 1071 917 1127 videre

195 1138 355 1210 Bellantem,
368 1140 502 1210 lituusque
550 1141 577 1209 ti,
590 1150 731 1211 tractuque
742 1151 899 1212 gementem

195 1208 277 1263 Ferre
289 1217 382 1280 rotam,
394 1219 422 1263 et
434 1210 512 1265 stabu
523 1228 539 1263 o
551 1210 642 1265 [renus
652 1211 746 1265 audire
759 1212 892 1281 sanantie3

194 1278 265 1333 Tum
278 1278 366 1349 megia
376 1287 403 1334 at
424 1297 458 1334 ue
470 1281 558 1349 magis
569 1280 676 1335 blandis
685 1281 806 1349 gaudere
817 1280 940 1350 magistri
999 1284 1052 1334 180

194 1347 340 1419 Laudibus,
353 1357 381 1403 et
393 1296 504 1420 plausae
516 1351 634 1405 sonitum
645 1351 759 1405 cervicis
770 1367 872 1405 amare.

193 1420 285 1488 Atque
297 1418 366 1473 haec
376 1417 433 1489 jam
445 1420 531 1489 primo
542 1420 674 1489 depulsus
684 1419 720 1474 ab
733 1420 815 1474 ubere
827 1420 922 1475 matria

194 1486 311 1558 Audeat,
323 1488 405 1557 inque
417 1488 507 1543 vicem
519 1488 566 1543 det
577 1489 705 1543 mullibus
716 1506 762 1543 cre
773 1491 898 1560 capistria

194 1555 338 1627 invalidus,
352 1558 489 1628 etiamque
501 1567 627 1629 tremens,
641 1560 724 1613 etiam
737 1560 840 1614 inscius
850 1559 920 1613 aeri.

194 1627 231 1678 At
243 1626 329 1679 tribua
341 1627 444 1681 exactis
456 1628 502 1681 ubi
513 1640 607 1698 quarte
619 1629 764 1683 accesserit
775 1637 874 1699 cestus,
886 1644 892 1667 1
1000 1630 1053 1682 10)

194 1695 309 1766 Carpere
321 1711 384 1751 mcx
395 1713 492 1766 gyrum
506 1698 615 1768 incipiat
626 1697 808 1769 gradibusque
820 1714 916 1753 seuere

194 1765 362 1836 Compositis,
373 1765 515 1835 sinuetque
526 1768 630 1821 alterne
643 1767 780 1831 volumina
791 1784 908 1838 crurum,

194 1834 287 1904 Sitque
299 1834 428 1891 laboranti
440 1835 536 1890 similis
543 1853 550 1905 ;
569 1845 627 1892 tum
640 1837 762 1891 cursibus
773 1855 862 1901 aurae,
995 1889 998 1891 ,

193 1903 265 1959 Turn
278 1913 363 1975 vocet,
376 1921 409 1959 ac
421 1922 469 1975 per
479 1916 573 1977 aperta
584 1907 685 1977 volans,
698 1923 750 1960 ceu
761 1907 830 1963 liber
841 1905 965 1961 habenis.
1152 1974 1153 1977 Ἰ

192 1974 325 2043 Aequora,
339 1975 384 2029 vix
395 1991 504 2029 summa
517 1977 630 2046 vestigia
643 1986 723 2046 ponet
735 1991 832 2030 arena:
999 1978 1052 2028 190

193 2042 287 2102 Qualis
299 2044 342 2113 Hy
379 2043 481 2099 rbcreis
492 2046 590 2114 Aquilo
602 2063 667 2100 cum
678 2046 779 2100 densus
789 2046 825 2100 ab
836 2044 891 2099 eris

193 2112 326 2184 Incubuit,
374 2113 638 2184 ythieeque'hiemes
648 2124 731 2184 atque
742 2115 817 2169 arida
828 2114 920 2169 differt

192 2181 310 2237 Nubila:
329 2192 387 2238 turu
399 2193 506 2252 segetes
517 2185 588 2238 altae
600 2186 744 2255 campique
756 2193 880 2238 natantes

193 2251 312 2305 Lenibus
325 2251 480 2308 horrescunt
491 2253 590 2324 flabris,
603 2271 783 2324 summaeque
795 2270 919 2308 sonorem

194 2321 264 2375 Dant
277 2321 369 2403 silvae,
382 2322 508 2393 longique
521 2336 634 2392 urguent
647 2324 681 2377 ad
694 2323 772 2378 litera
784 2325 882 2377 fluctus
889 2339 897 2391 3
996 2326 1051 2377 w

193 2389 242 2444 Ille
255 2391 334 2462 volat,
347 2393 429 2446 srrnul
440 2409 505 2446 arra
516 2391 588 2462 iugc,
601 2393 683 2447 simul
694 2410 812 2463 aequora
823 2408 934 2447 verrens

193 2460 244 2513 llic
255 2460 299 2514 vel
312 2461 346 2515 ad
360 2462 422 2516 Elei
433 2470 521 2515 metae
532 2472 559 2516 et
572 2463 691 2516 maxima
701 2465 792 2532 campi

193 2529 306 2585 Sudabit
318 2532 411 2602 spatia,
426 2540 453 2585 et
465 2549 576 2601 spumas
587 2540 649 2600 aget
661 2548 708 2585 ore
719 2540 845 2586 cruentas
852 2548 860 2601 3

192 2599 303 2668 Belgica
315 2600 360 2654 vel
371 2601 445 2654 molli
458 2601 557 2654 melius
568 2601 636 2655 feret
649 2601 746 2655 esseda
757 2600 837 2655 collo.

193 2668 263 2723 Turn
276 2669 388 2724 demum
400 2687 489 2724 cressa
501 2687 629 2740 magnum
643 2669 776 2739 farragine
788 2686 885 2740 corpus
996 2673 1051 2724 200

193 2738 328 2807 Crescere,
340 2738 397 2808 jam
408 2739 526 2808 domitis,
539 2741 634 2809 ainit03
651 2757 770 2810 namque
782 2750 846 2793 ente
857 2738 1028 2795 domandum

192 2806 313 2875 Ingentis
327 2808 420 2862 tollent
431 2810 543 2876 animus,
557 2809 699 2880 prensique
712 2808 850 2878 negabunt

191 2876 309 2930 Verbera
321 2877 395 2932 lenta
406 2877 470 2948 pati,
484 2888 511 2933 et
523 2877 597 2932 duris
610 2895 703 2948 parere
715 2878 825 2948 lupulis.

227 2946 280 3001 Sed
293 2964 344 3001 non
357 2947 413 3003 ulla
425 2948 512 3017 magis
523 2949 595 3001 vires
606 2948 737 3002 industria
749 2948 846 3018 firmat,

191 3014 280 3075 Quam
293 3016 428 3072 Venerem
440 3026 468 3071 et
479 3019 554 3071 caeci
567 3018 693 3071 stimulos
702 3026 826 3071 avertere
837 3015 944 3088 amoris,
995 3020 1051 3072 21⁰

192 3085 254 3139 Sive
265 3086 348 3140 bourn
360 3087 419 3141 sive
431 3096 473 3141 est
485 3089 529 3140 cui
540 3087 639 3156 gratier
650 3104 717 3141 usus
728 3103 871 3157 equorum.

192 3157 283 3223 Atque
296 3155 357 3208 ideo
370 3164 459 3209 taurus
469 3157 562 3226 procul
573 3165 656 3226 utque
668 3158 696 3210 in
707 3156 764 3209 sola
776 3156 897 3225 relegant

192 3223 305 3293 Pascua,
317 3233 376 3293 post
387 3234 507 3280 montem
519 3226 672 3294 oppositum
683 3234 711 3279 et
723 3235 797 3280 trena
808 3225 922 3281 flumina
934 3223 989 3279 latu

154 3360 268 3406 tre-tm
291 3357 348 3406 The
364 3359 461 3420 rearing
479 3361 526 3411 and
545 3362 651 3427 training
668 3363 698 3414 cl
711 3364 966 3415 uma—muca.
991 3365 1052 3420 Tb·

123 3415 211 3466 edecta
226 3414 256 3466 cl
266 3414 323 3469 love
334 3431 371 3466 cn
385 3417 496 3470 animala
