2308 3780
484 199 579 241 usae
597 200 645 243 ur.
972 188 1029 257 495

151 327 340 397 Ὀθιιιιιωιι,
352 325 445 394 longos
456 335 485 381 et
493 327 710 381 circumflectere
719 343 822 399 cums,
975 335 1027 385 tao

171 396 260 456 Quam
274 396 360 450 semel
373 396 515 449 informem
526 405 603 450 vasto
614 397 714 450 vidisse
725 396 777 450 sub
788 409 863 451 antro

171 466 290 534 Scyllam
305 474 332 518 et
344 465 476 518 caeruleis
486 466 599 519 canibus
611 468 763 518 resonantia
773 484 849 519 saxa.

170 534 322 603 Praeterea,
336 535 358 587 si
370 544 476 603 quaest
488 535 591 589 Heleno
603 535 751 604 prudentia,
765 537 821 595 vati

170 604 196 656 Si
209 620 263 672 qua
275 603 352 673 fidos,
365 605 487 656 animum
498 605 521 656 si
534 605 605 656 veris
616 603 711 673 implet
723 605 828 674 Apollo,

169 672 262 726 Unum
274 672 339 726 illud
352 673 410 742 ubi,
422 681 484 725 nate
496 673 556 743 dea,
569 689 670 742 proque
682 674 808 727 omuibus
817 691 902 728 unum
973 681 1024 730 435

102 749 109 783 ='
169 742 337 811 Maedicam,
351 750 377 794 et
389 750 514 810 repetens
526 743 677 811 iterumque
690 743 840 811 iterumque
853 755 986 799 mousoo:

169 811 282 865 Juuouis
294 823 409 880 magnae
420 810 537 880 primum
568 828 629 863 rece
641 828 741 864 numen
752 812 834 866 adora
841 829 850 881 3

169 880 267 933 lunoni
280 896 347 932 cane
360 889 421 932 rota
432 879 528 950 libens,
558 879 732 949 ominamque
744 891 883 955 potentem

171 949 342 1028 Supplicibus
353 966 449 1018 supera
461 948 551 1002 donis:
570 950 610 1002 sie
623 948 740 1019 denique
753 951 837 1003 victor
868 964 872 969 ·

170 1018 307 1072 Tnnacria
319 1018 380 1071 ficis
392 1018 472 1071 Italos
484 1019 591 1072 mittere
601 1018 703 1071 relicta.
971 1026 1024 1076 440

170 1086 229 1140 Huc
243 1088 288 1142 ubi
300 1087 407 1140 delatus
419 1088 566 1141 Cumaeam
577 1087 727 1140 accesseris
739 1088 836 1143 urbem

170 1157 336 1226 Divinosque
349 1156 424 1210 lacus
435 1165 463 1209 et
474 1156 588 1210 Avema‘
595 1157 717 1210 sonantia
728 1157 811 1227 silvis,

170 1225 297 1279 insanam
309 1237 400 1279 vatem
412 1226 534 1295 aspicies,
547 1242 618 1295 quaa
627 1243 696 1295 rupe
708 1227 758 1280 sub
770 1227 825 1280 ima

171 1295 235 1347 Fata
247 1296 319 1348 canit
331 1296 455 1364 foliisque
468 1304 543 1348 notas
554 1304 582 1348 et
594 1296 702 1348 uomina
714 1296 833 1350 mandat.

169 1364 364 1434 Quaecumque
377 1366 403 1417 in
416 1364 487 1417 foliis
498 1365 638 1433 descripsit
648 1365 769 1417 carmina
780 1365 863 1434 virgo,
969 1371 1021 1420 445

169 1433 272 1501 Digerit
285 1435 310 1487 in
324 1450 465 1487 numerum
477 1442 558 1502 atque
570 1442 646 1486 antro
656 1434 762 1487 seclusa
774 1435 909 1503 relinquit.

94 1545 97 1549 ,
169 1502 218 1555 Illa
230 1512 341 1557 manent
353 1504 464 1556 immota
476 1503 541 1556 locis
553 1519 641 1572 neque
653 1503 689 1555 ab
700 1503 792 1555 ordine
803 1504 912 1558 cedunt.

170 1572 271 1625 Verum
283 1571 388 1643 eadem,
402 1589 477 1625 verso
490 1573 578 1625 tenuis
588 1589 652 1625 cum
664 1572 772 1627 cardine
783 1584 882 1628 ventus

169 1640 278 1711 Impulit
290 1649 318 1694 et
330 1650 436 1694 tenerae
448 1641 563 1694 turbavit
575 1641 657 1710 janua
669 1641 784 1710 frondes,
1008 1704 1017 1713 ἱ

167 1711 325 1781 Numquam
337 1710 435 1764 deinde
448 1727 514 1763 cavo
526 1710 663 1764 volitantia
675 1711 804 1779 prendere
816 1729 889 1784 saxo,
968 1717 1021 1767 450

167 1778 228 1832 Nec
240 1796 365 1832 revocare
378 1780 444 1833 situs
455 1788 501 1832 aut
513 1779 624 1848 jungere
636 1781 755 1832 cannino
767 1789 851 1835 curat·

168 1848 314 1901 Inconsulti
325 1849 434 1918 abeunt,
447 1848 596 1918 sedemque
608 1849 688 1901 odere
701 1849 828 1918 Sibyllae.

167 1918 220 1970 Hic
232 1918 282 1971 tibi
293 1935 328 1970 ne
339 1935 393 1987 qua
404 1934 495 1971 morae
508 1918 606 1970 luerint
618 1918 757 1986 dispendia
770 1919 843 1988 tanti,

167 1985 300 2044 Quamvis
311 1988 470 2057 increpitent
483 1987 555 2055 socii,
570 1996 597 2039 et
609 1989 635 2038 vi
647 2004 742 2040 cursus
753 1988 779 2040 in
793 1988 880 2042 sltoru
962 2036 965 2041 ,

167 2055 236 2108 Vela
249 2065 326 2108 vocet
338 2056 478 2126 possisque
490 2056 565 2109 sinus
577 2055 689 2125 implere
702 2058 842 2126 secundos,
968 2061 1020 2112 455

95 2128 100 2165 ἔ
167 2123 237 2182 Quin
250 2125 333 2178 adeas
345 2133 435 2178 vatem
449 2125 627 2194 precibusque
639 2125 747 2178 oraoula
759 2143 855 2195 poscas

166 2193 181 2246 Ι
200 2212 230 2249 sa
241 2203 327 2262 canat,
341 2211 490 2263 vocemque
502 2193 596 2246 voleus
606 2203 688 2264 atque
699 2211 745 2246 ora
757 2196 880 2249 resolvat.

166 2211 217 2315 Illa
229 2263 277 2316 tibi
289 2264 381 2317 ltaliae
394 2264 506 2332 populos
517 2273 681 2332 venturaque
694 2263 773 2333 bella,

166 2332 203 2385 Et
215 2349 268 2401 quo
280 2349 416 2402 quemque
429 2333 508 2385 modo
521 2332 660 2401 fugiasque
673 2333 797 2401 serasque
809 2333 937 2403 laborem,

166 2401 309 2470 Expediet,
323 2419 470 2471 cursusque
482 2400 557 2453 dabit
571 2411 696 2453 venerata
708 2401 849 2454 secundos.
967 2407 1020 2456 450

165 2469 244 2522 Haec
255 2481 325 2541 sunt,
338 2488 408 2539 quae
420 2478 509 2523 nostra
522 2469 600 2522 liceat
613 2478 640 2522 te
653 2487 719 2522 voce
732 2471 840 2528 moneri.

165 2537 243 2591 Vade
255 2556 314 2608 age,
327 2550 353 2592 et
367 2540 503 2608 ingentem
517 2539 596 2592 sactis
607 2538 647 2591 ser
658 2539 694 2591 ad
705 2538 816 2591 aethera
828 2539 966 2608 Trojam.’²

203 2607 294 2667 ‘Quae
306 2619 448 2678 postquam
460 2617 536 2661 vates
548 2610 587 2660 sic
598 2625 642 2660 ore
655 2608 754 2660 effatus
765 2609 852 2660 amico
864 2617 913 2676 est,

993 1638 1007 1666 ἱ

658 2688 1022 2704 Ἢ

120 2720 177 2764 430.
207 2716 344 2764 Cessantem
367 2719 503 2763 tea-434.
530 2714 612 2770 Fides,
630 2715 947 2767 trustworthiness.-·‹l35.
968 2719 1020 2769 Pro

89 2777 210 2831 mrbus,
226 2775 296 2831 ‘for‚’
310 2775 404 2830 thetis,
420 2779 462 2822 ‘os
473 2775 540 2822 what
551 2774 621 2821 alone
632 2773 682 2821 will
696 2776 725 2821 be
737 2776 765 2822 of
777 2791 803 2822 as
821 2777 893 2824 much
904 2777 975 2826 velue
992 2794 1019 2827 es

89 2835 126 2885 all
144 2834 219 2882 other
237 2835 437 2882 meumst-440.
461 2833 543 2888 Finis,
564 2832 595 2880 od
608 2834 776 2893 fluia-442.
799 2834 1016 2893 decentissimis,

92 2892 256 2952 ‘re-echoing
267 2892 309 2940 the
321 2892 426 2952 rustling
437 2893 536 2940 woods.’
545 2894 635 2938 -443,
652 2890 775 2940 Insanum.
791 2892 848 2940 Full
858 2893 887 2941 os
894 2895 1019 2953 prophetie

89 2951 288 3012 fremy-445.
313 2951 435 3007 Carmina,
447 2950 607 3010 prophecies;
624 2951 667 2997 but
684 2966 711 2998 as
728 2951 797 2998 these
814 2967 878 2999 were
894 2952 1020 3013 generally
1055 3001 1057 3005 ,

89 3012 116 3061 in
134 3027 215 3068 verse,
234 3010 276 3058 the
293 3010 361 3060 word
377 3010 434 3058 here
450 3025 506 3070 may
523 3010 584 3057 have
601 3009 633 3056 ite
649 3024 735 3067 proper
750 3010 846 3057 meanin
866 3013 971 3058 .-446.
988 3011 1019 3061 In

88 3087 226 3126 numerum,
245 3070 270 3117 in
286 3069 328 3117 the
344 3067 648 3136 order-probauly-of
659 3068 826 3116 time-452.
843 3025 986 3136 imcutit,
1005 3086 1020 3119 a

89 3130 202 3193 petulier
219 3144 265 3177 use
284 3127 313 3176 of
329 3127 370 3175 the
389 3127 466 3184 word,
485 3126 581 3186 applied
600 3137 626 3174 to
645 3126 714 3174 those
734 3127 799 3182 who,
818 3127 908 3187 having
928 3129 1017 3189 sought

88 3188 194 3237 coonsel
210 3187 275 3236 from
291 3187 334 3234 the
351 3185 430 3246 Sibyl,
443 3202 483 3234 are
501 3185 604 3234 mocked
621 3188 636 3232 b
666 3186 707 3232 tlre
724 3185 848 3243 dispersed
866 3186 957 3242 leaves,
970 3186 1019 3234 sud

89 3247 176 3354 depart
199 3249 439 3295 conticitum-453.
465 3245 522 3301 Hic,
545 3245 594 3291 &c
645 3244 730 3289 elenus.
752 3244 848 3291 advises
870 3245 971 3291 Aeneas
991 3253 1018 3291 to

89 3321 123 3354 va
132 3322 163 3355 ue
174 3306 219 3354 the
231 3305 317 3354 advice
329 3305 357 3352 of
363 3305 405 3352 the
417 3304 497 3364 Sibyl,
508 3318 535 3351 es
547 3301 777 3359 counterbalencing
788 3301 1017 3368 cnydisadvautago

88 3364 153 3414 from
164 3381 179 3413 a
189 3365 264 3425 delay
274 3363 303 3412 of
314 3364 431 3412 however
446 3363 504 3424 long
513 3378 529 3410 a
538 3360 658 3410 duration.
666 3360 756 3408 -457,
776 3359 823 3407 See
834 3374 866 3408 vt.
878 3362 916 3408 74.
924 3361 1016 3404 -460.

96 3421 227 3482 Venerato,
240 3424 350 3485 passive.
380 3422 428 3472 See
440 3423 541 3483 Zumpt,
555 3419 634 3473 5532.
