2242 3826
481 102 574 144 arnan
593 105 624 143 x.
946 87 1006 146 trs

156 231 217 288 Non
228 230 280 301 ipsi
292 231 360 285 iuter
371 247 409 299 se,
422 248 473 284 non
486 231 585 301 nubila,
599 248 650 284 non
662 247 737 284 mare
748 231 838 299 cedit;
928 266 931 273 Δ

156 304 267 371 Anceps
278 318 368 370 pugna
380 301 442 369 diu,
461 310 530 353 stant
542 302 639 354 obnixa
650 301 740 352 omnia
752 310 857 354 contra:

158 371 236 424 Haud
248 371 326 422 aliter
338 370 468 438 Trojanae
481 369 556 422 acies
567 371 693 439 aciesque
705 370 816 422 Latinae
954 372 1003 423 36⁰

159 443 322 494 Concurrunt
330 457 337 508 5
356 440 448 493 haeret
461 440 529 508 pede
542 457 590 509 pes
602 440 753 508 densusque
766 440 821 491 viro
834 439 882 492 vir.

194 513 230 564 At
243 518 315 578 parte
328 527 363 562 ex
373 509 433 579 alia,
465 510 499 561 aa
511 526 575 561 saxa
587 507 698 560 rotantia
710 509 763 560 late

160 580 304 650 Impulerat
317 586 417 631 torrens
429 526 589 646 aibastaque
602 579 688 630 diruta
700 578 770 646 ripis,

159 649 285 716 Arcadas,
300 648 418 700 insuetos
429 648 503 700 acies
515 648 612 700 inferre
624 647 761 716 pedestris,

159 718 195 772 Ut
208 718 276 771 vidit
288 717 377 771 Pallas
388 718 464 770 Latio
476 717 539 769 dare
551 724 625 784 terga
637 717 782 785 sequaoi-
954 719 1004 770 365

159 790 264 857 Aspera
275 788 336 855 quis
348 796 442 839 natura
453 786 504 838 loci
516 786 652 839 dimittere
664 785 770 854 quando

159 857 248 910 Suasit
259 872 472 926 equos,-unum
483 857 554 924 quod
567 855 646 907 rebus
660 863 740 907 restat
752 854 854 925 egenis,

160 927 240 979 Nunc
252 941 339 994 prece,
354 941 424 977 nunc
436 924 513 977 dietis
526 925 649 976 virtutem
661 923 783 975 accendit
795 923 909 978 amaris:

161 995 232 1054 ‘Quo
244 995 342 1062 lugitis,
356 993 440 1046 sociil
458 1011 513 1064 per,
527 1011 573 1046 vos
594 1003 621 1045 et
633 993 711 1045 sortia
723 994 801 1062 lacta,
939 1032 943 1039 .

160 1064 212 1117 Per
223 1063 300 1117 ducis
313 1063 429 1117 Evandri
441 1080 547 1132 nomen,
560 1035 719 1131 devictaque
731 1061 810 1130 bella,
925 1078 939 1115 s
954 1065 1004 1116 ³70

160 1133 295 1202 Spemque
307 1150 405 1201 meam,
419 1133 519 1202 patriae
532 1149 600 1202 quae
612 1148 682 1184 nunc
694 1131 765 1183 subit
776 1130 883 1184 aemula
894 1131 975 1201 laudi,

160 1202 247 1256 Fidite
260 1218 293 1256 ne
305 1201 427 1272 pedibus.
463 1201 542 1253 Ferro
555 1199 701 1270 rumpenda
713 1217 761 1278 per
773 1200 856 1252 hostis

161 1272 210 1326 Est
222 1273 272 1324 via.
308 1271 367 1329 Qua
379 1270 474 1338 globus
486 1270 531 1322 ille
544 1272 629 1323 virum
642 1269 819 1321 densissimus
831 1277 933 1340 urguet,

159 1341 219 1393 Hae
230 1358 279 1393 vos
290 1349 317 1392 et
330 1340 449 1392 Pallanta
461 1339 560 1392 ducem
571 1339 656 1408 patria
667 1338 721 1390 alta
734 1339 853 1407 reposcit.

158 1411 185 1464 N
188 1411 277 1463 nmina
289 1409 362 1463 nulla
374 1418 514 1478 premunt,
532 1408 635 1462 mortali
647 1424 792 1476 urguemur
802 1408 838 1460 ab
849 1406 924 1460 hoste
954 1412 1004 1461 att

159 1479 289 1532 Mortales
295 1496 303 1548 3
322 1479 434 1531 totidem
446 1478 523 1531 nobis
534 1479 694 1545 animaeque
707 1493 864 1546 manusque.

160 1549 240 1618 Ecce,
254 1548 334 1600 maris
346 1564 444 1615 magna
456 1546 556 1600 claudit
569 1563 616 1599 nos
627 1545 715 1615 objice
727 1554 822 1616 pontus
829 1562 837 1614 3

158 1618 241 1670 Deest
251 1616 307 1686 jam
319 1625 389 1669 terra
402 1617 497 1684 sugast
516 1616 628 1685 pelagus
639 1615 782 1682 Troiamne
794 1625 918 1684 petemus
926 1615 948 1669 l’

159 1687 233 1739 Haec
245 1687 290 1754 ait,
303 1695 330 1738 et
343 1684 449 1738 medius
460 1684 556 1737 densos
569 1685 712 1754 prorumpit
726 1684 752 1735 in
766 1685 856 1736 hostis.

158 1755 260 1808 Obvius
271 1756 332 1807 huic
345 1755 468 1823 primurn,
482 1754 542 1807 latis
553 1754 686 1805 adductus
699 1752 802 1821 iniquis,
954 1757 1005 1805 380

158 1824 199 1877 Fit
214 1825 316 1892 Lagus,
335 1823 413 1893 hunc,
426 1839 524 1890 magno
536 1823 610 1875 vellit
624 1822 688 1874 dum
701 1822 818 1891 pondere
830 1837 934 1892 saxum,

158 1894 258 1946 intorto
270 1894 326 1961 figit
339 1893 399 1961 telo,
413 1892 568 1945 discrimina
581 1891 660 1943 costis

157 1963 210 2016 Per
221 1962 341 2015 medium
354 1979 406 2030 qua
418 1961 493 2031 spina
506 1961 603 2028 dabat,
622 1960 780 2028 hastamque
793 1967 910 2029 receptat

157 2032 271 2085 Ossibus
282 2031 447 2084 haerentem.
483 2030 571 2088 Quem
584 2046 633 2082 non
648 2037 849 2099 superoccupat
862 2028 952 2097 Hisbo,

159 2101 207 2154 llle
220 2100 330 2170 quidem
342 2100 392 2152 hoe
405 2116 528 2168 sperans,
548 2116 611 2151 nam
623 2099 784 2151 Pallasante
798 2108 927 2168 ruentem,
955 2101 1005 2150 385
1034 2124 1037 2129 Δ

159 2171 231 2222 Dum
243 2171 313 2237 furit,
328 2169 461 2221 incautum
475 2168 576 2233 crudeli
589 2176 673 2221 morte
686 2168 789 2236 sodalis,

160 2239 273 2308 Excipit,
287 2247 367 2306 atque
380 2255 475 2290 ensem
487 2236 589 2289 tumido
601 2238 627 2289 in
642 2236 766 2305 pulmone
779 2235 906 2288 recondit.

158 2308 227 2360 Hine
239 2306 394 2360 Sthenelum
407 2308 480 2376 petit,
495 2315 520 2358 et
533 2306 628 2359 Rhoeti
641 2305 675 2357 de
687 2316 767 2373 gente
780 2312 885 2355 vetusta

159 2376 364 2445 Anchemolum,
378 2375 510 2428 thalamos
521 2392 616 2427 ausum
630 2375 758 2426 incestare
771 2388 910 2424 novercae.

161 2446 214 2497 Vos
226 2445 315 2512 etiarn,
328 2444 435 2514 gemini,
448 2444 552 2497 Rutulis
564 2443 699 2496 cecidistis
711 2443 735 2494 in
748 2441 826 2511 arvis,
955 2444 1006 2492 390

159 2515 270 2583 Daucia,
284 2513 378 2568 Laride
391 2513 589 2583 Thymberque,
603 2511 738 2564 simillima
750 2510 843 2580 proles,

158 2583 306 2637 indisereta
318 2583 372 2635 suis
383 2593 527 2651 gratusque
542 2581 694 2651 parentibus
706 2596 776 2632 error
783 2596 790 2646 3

158 2656 196 2706 At
208 2668 278 2704 nunc
289 2652 357 2704 dura
368 2651 442 2704 dedit
454 2653 530 2704 vobis
541 2650 694 2703 discrimina
706 2649 809 2701 Pallas:

158 2722 230 2774 Nam
244 2721 298 2789 tibi,
312 2721 457 2789 Thymbre,
471 2729 550 2789 caput
564 2718 714 2772 Evandrius
726 2717 835 2770 abstulit
848 2716 921 2769 ensis
928 2734 936 2784 3

158 2791 200 2844 Te
212 2791 304 2842 decisa
316 2807 403 2858 suurn,
416 2789 518 2854 Laride,
532 2789 642 2841 dextera
654 2787 764 2856 quaerit,
957 2789 1007 2837 39⁵

59 2923 71 2930 '
113 2922 129 2968 3
150 2918 172 2964 6.
184 2915 246 2976 Quis
254 2911 884 2974 (quibus,whichmustbetranslatedbyiislqoaado,
892 2922 1007 2960 accounts

79 2979 122 3029 sor
136 2990 179 3024 ,αθ
191 2974 287 3034 repulse
297 2974 326 3021 ol
337 2974 378 3020 the
390 2973 511 3020 Arcadian
522 2972 619 3039 cavalry
631 2977 681 3025 (see
692 2974 753 3025 238),
766 2970 823 3016 who
834 2984 898 3036 were
909 2981 951 3017 not
967 2987 1007 3018 oe·

80 3053 129 3088 eus
154 3034 219 3082 uued
227 3044 252 3081 to
260 3032 321 3093 light
330 3048 360 3080 on
369 3031 426 3079 loot.
434 3034 520 3078 -369.
539 3030 590 3077 Oro
601 3045 621 3076 rs
633 3028 745 3075 involved
756 3044 782 3075 os
794 3043 926 3088 governing
936 3046 1007 3077 nor-

79 3096 104 3146 il'
117 3110 139 3141 vr
155 3108 213 3140 rare
225 3100 266 3139 not
278 3103 303 3139 to
314 3090 459 3138 understand
474 3107 518 3151 per
525 3106 565 3136 cos
576 3104 603 3135 as
614 3104 628 3140 a
639 3086 772 3146 legitimate
783 3087 932 3145 expression.
960 3088 1007 3138 Sea

79 3157 131 3205 ata
142 3151 345 3200 ondeta-373
371 3150 418 3197 See
434 3150 582 3196 aaa-378.
599 3146 680 3200 Deest,
693 3161 739 3193 one
756 3144 867 3205 syllable.
902 3144 1005 3208 Trajan,

53 3222 67 3233 ·
79 3215 127 3262 the
139 3212 318 3268 camp—aea.
335 3207 412 3256 Dolrllt
428 3208 461 3267 by
472 3207 514 3254 the
529 3206 693 3253 orsis-384.
714 3204 795 3264 Quem,
810 3203 928 3252 Pallanta.
963 3205 1006 3254 Oc.

79 3285 265 3340 mppreruper,
278 3278 304 3316 to
320 3268 426 3327 surprise
438 3265 510 3314 while
526 3265 583 3313 thus
599 3263 811 3323 engaged-394.
830 3261 907 3325 Capit
922 3265 1008 3326 bytho

78 3344 158 3382 mim
471 3351 474 3356 ·
612 3366 615 3371 .
729 3354 732 3361 ⁴
824 3356 827 3361 Α
919 3356 922 3363 ⁴
