2242 3826
505 124 598 165 uteru
617 126 649 165 Ξ.

184 251 332 308 Admonuit
342 251 456 323 bijugos,
469 250 586 323 pmjeoto
598 251 664 307 dum
676 252 747 323 pede
759 253 838 306 laeso

108 362 112 367 ·
184 324 267 392 Aptat
279 339 310 375 ee
321 338 435 392 pugnae,
449 321 593 376 subitores
605 322 682 376 hasta
693 341 741 393 per
752 323 822 376 imas

185 391 325 460 Fulgentis
337 391 424 461 clipei,
438 400 495 444 tum
509 391 616 445 laevum
628 393 874 462 persoratingnem
893 420 896 425 «

185 461 324 514 Exoussus
335 478 412 514 ourrn
427 461 601 515 moribundus
611 462 725 514 volvitur
737 460 817 515 arvis.
986 458 1039 510 600

184 530 274 589 Quem
285 530 346 600 pius
357 533 465 583 Aeneas
475 530 556 582 dictis
566 530 663 583 affatur
674 531 787 583 amaris:

186 600 317 668 ‘Lucage
331 599 404 652 nulla
416 608 475 651 tuos
486 615 579 652 currus
588 598 656 668 tngo
667 600 758 666 segnis
769 612 900 667 equorum

185 668 310 748 Prodidit²
323 677 370 722 aut
381 685 466 721 vanae
478 677 583 721 vertere
595 686 630 722 ex
641 668 764 723 hostibus
775 668 905 735 umbrae;

185 739 247 807 lpse
261 747 324 791 rotro
335 737 434 791 saliens
444 734 642 808 jngadeseris!
679 738 753 791 Haeo
766 738 803 789 ita
814 735 887 789 latus

184 808 244 860 Arri
265 807 303 860 uit
314 806 436 877 bijugos5
454 807 537 860 frater
549 806 677 860 tendebat
689 806 782 860 inertis
985 804 1037 855 606

161 905 165 911 ·
184 825 283 930 Infelix
293 875 405 946 palmas,
418 893 496 930 curru
508 875 634 945 delapsus
644 875 758 930 eodem:

186 946 261 1013 ‘Per‚
273 953 310 1023 te,
321 962 370 1015 per
380 946 428 1015 qui
440 954 468 998 te
479 944 563 998 talem
575 962 693 1013 genuere
704 952 839 1014 parentes,
967 1009 973 1020 υ

140 1062 143 1065 ,
186 1015 234 1068 Vir
246 1015 368 1085 Trojano,
382 1016 440 1068 sine
452 1013 523 1068 hanc
533 1015 661 1082 animam,
675 1024 702 1067 et
714 1015 843 1068 mirerere
855 1009 1007 1082 precantis.l

185 1083 310 1137 Pluribus
321 1084 406 1138 oranti
418 1086 540 1137 Aeneas:
562 1083 654 1136 ‘Haud
668 1084 733 1137 talia
744 1082 848 1139 dudum

185 1153 264 1208 Dicta
274 1152 369 1207 dabas.
405 1153 522 1223 Morere,
535 1160 563 1206 et
575 1151 685 1207 fratrem
697 1169 733 1207 ne
744 1152 840 1205 desere
852 1149 950 1203 lrater.²
987 1151 1038 1201 600

185 1222 265 1291 Turn,
277 1222 395 1277 latebras
405 1221 521 1289 animae,
534 1231 630 1292 pectus
641 1236 769 1276 mucrone
782 1220 903 1275 recludit.

185 1292 264 1346 Talia
275 1310 324 1363 per
334 1292 555 1362 campos-edebat
568 1290 662 1345 lunera
673 1293 767 1346 ductor

123 1386 127 1390 -
185 1360 344 1431 Dardanius,
358 1363 479 1415 torrentis
490 1377 577 1431 aquae
588 1361 634 1414 rel
645 1361 759 1416 turbinis
769 1359 821 1412 atri
859 1378 861 1381 ·

185 1431 264 1485 More
276 1431 375 1486 furens.
411 1430 535 1484 Tandem
547 1440 691 1500 erumpunt
703 1439 732 1484 et
743 1439 832 1483 castra
842 1426 996 1497 relinquunt

185 1501 321 1555 Ascanius
332 1517 399 1570 puer
410 1510 438 1554 et
449 1500 632 1571 nequidquam
643 1501 754 1555 obsessa
768 1499 900 1552 ¹utentur.
987 1496 1039 1548 606

217 1571 350 1624 lunonem
362 1570 465 1624 interea
476 1569 620 1640 compellat
631 1571 735 1640 Jupiter
745 1587 763 1623 u
775 1578 828 1621 tro:

188 1638 226 1693 ‘0
236 1656 364 1708 germana
375 1639 443 1693 mihi
454 1648 535 1709 atque
547 1639 646 1693 eadem
657 1639 810 1709 gratissima
821 1636 945 1708 conjunx,

186 1708 224 1761 Ut
237 1708 338 1780 rebare,
350 1709 530 1762 Venas-nec
541 1717 569 1763 te
581 1710 714 1763 sententia
726 1707 831 1762 fallit—

187 1776 316 1848 Trojanae
327 1786 457 1832 metentat
468 1794 541 1848 opes,
555 1794 607 1832 non
620 1779 711 1832 vivida
722 1777 795 1832 bello

189 1846 289 1901 Dextra
299 1848 371 1901 vires
387 1848 548 1917 animusque
559 1848 635 1902 ferox
645 1849 804 1927 patiensque
815 1842 927 1922 pericli)
955 1881 958 1886 -
988 1844 1041 1895 610

189 1917 239 1970 Cui
250 1918 319 1971 luno
331 1916 481 1971 submissa:
502 1917 595 1987 ‘Quid
608 1933 625 1969 o
639 1918 820 1987 pennemme
831 1929 957 2021 conqunx²

187 1985 320 2040 Sollicitas
329 2003 442 2056 aegram
452 1994 480 2040 et
492 1995 538 2040 tua
550 1987 636 2040 tristia
646 1986 719 2040 diota
730 1987 873 2040 timentem
885 2025 891 2035 .

188 2055 217 2109 st
227 2055 303 2127 milti,
315 2072 386 2126 qnae
397 2056 532 2126 quondam
545 2055 638 2125 luerat,
652 2072 789 2137 quamque
801 2070 862 2108 esee
874 2050 998 2122 decebat,

189 2125 238 2178 Vis
249 2125 275 2178 in
288 2141 380 2179 amore
391 2126 466 2195 soret,
478 2141 532 2179 non
543 2125 594 2179 boc
605 2126 673 2180 mihr
685 2142 802 2196 namque
813 2139 935 2192 negares,

190 2194 372 2264 Omnipotens,
384 2194 448 2265 quin
460 2203 488 2248 et
499 2211 606 2264 pugnae
618 2196 769 2250 subducere
780 2195 910 2263 Turnum,
989 2191 1041 2244 616

190 2264 226 2317 Et
237 2263 331 2317 Dauno
343 2280 451 2333 possem
461 2264 626 2318 ineolumem
638 2281 745 2318 serrare
757 2263 870 2334 parenti.

188 2334 269 2387 Nunc
278 2341 377 2403 pereat,
390 2333 555 2403 Teucrisque
567 2333 612 2405 pio
624 2334 670 2387 det
682 2335 812 2401 sangnine
824 2347 933 2401 poenae

191 2401 241 2456 Ille
254 2410 345 2457 tamen
356 2411 445 2456 nostra
455 2402 564 2457 deducit
575 2404 676 2471 origine
688 2418 794 2470 nornen,

189 2471 382 2542 Pilumnusque
395 2471 434 2524 illi
445 2481 557 2541 quartus
568 2482 645 2542 pater
652 2489 660 2540 ;
679 2481 707 2525 et
718 2480 764 2525 tua
775 2470 850 2536 larga

189 2541 275 2611 Saepe
287 2557 371 2595 mauu
383 2541 529 2611 multisque
539 2541 660 2595 oneravit
671 2540 764 2594 limina
776 2537 871 2593 donis!
989 2540 1042 2590 62⁰

188 2610 238 2663 Cui
250 2627 298 2665 rex
309 2610 423 2664 aetherii
435 2610 551 2665 breviter
562 2611 601 2665 sio
612 2611 684 2665 latus
694 2609 818 2680 Olympi:

190 2678 232 2733 ‘Si
243 2697 318 2734 mora
329 2680 478 2750 praesentis
489 2679 537 2734 leti
549 2688 710 2751 tempusque
722 2679 826 2734 660666

187 2749 283 2802 Oratur
292 2748 394 2819 juveni,
407 2766 508 2820 meque
520 2749 572 2804 boc
583 2750 621 2803 ita
632 2749 833 2820 ponere'sentirs²

187 2818 265 2872 Tolle
277 2820 343 2887 faga
354 2820 477 2873 Turnum
487 2827 570 2889 atque
582 2819 743 2875 instantibus
754 2819 828 2899 eripe
840 2816 912 2872 fatis.

186 2887 326 2941 Hactenus
337 2888 479 2942 indulsisse
488 2898 575 2943 vacat.
611 2888 656 2944 Sin
667 2888 744 2942 altior
755 2888 815 2942 istro
988 2883 1041 2936 eto

144 3012 200 3058 592.
224 3009 353 3071 Referring
372 3021 397 3059 to
416 3011 553 3071 Niphaeus.
572 3016 724 3061 ota-597.
740 3010 799 3067 Per,
819 3019 851 3058 te.
882 3009 930 3058 See
947 3008 1040 3057 369.-

32 3099 36 3109 ·
110 3071 170 3119 599.
190 3067 268 3118 Talia.
300 3070 347 3117 See
358 3073 412 3126 581,
426 3071 572 3126 don-607,
585 3071 634 3119 dcc.
646 3071 699 3119 said
715 3069 847 3130 ironieally.
856 3071 945 3116 -614,
962 3067 1038 3117 Nant-

161 3163 168 3185 ,
186 3128 360 3188 emphatically
375 3129 460 3189 placed
476 3139 535 3178 next
554 3130 596 3178 tbs
612 3132 671 3178 verb
688 3131 713 3177 in
730 3128 773 3177 the
792 3143 865 3177 sense
883 3126 912 3174 of
926 3127 1038 3176 menrad-

142 3191 249 3236 .-618.
266 3187 358 3235 Nostra
368 3190 464 3250 origine
473 3188 577 3248 perhaps
588 3189 663 3237 refers
679 3198 705 3236 to
720 3187 763 3235 tbe
774 3187 875 3236 descent
886 3186 1036 3243 mentioned,

109 3246 155 3296 vii.
167 3249 223 3294 410.
230 3250 320 3295 -623,
337 3246 434 3306 Jupiter
444 3257 528 3309 granta
539 3247 651 3306 arespite
661 3257 688 3294 tn
696 3247 806 3302 Turnus,
819 3261 852 3295 on
862 3245 904 3294 the
915 3244 1040 3295 condition

107 3305 246 3417 &aaa
256 3305 384 3419 distiqctly
394 3305 557 3356 understands
568 3308 663 3363 (66660)
674 3306 728 3356 tbat
738 3305 788 3354 tbis
800 3306 822 3355 ie
832 3304 866 3355 all
875 3303 929 3353 that
940 3303 1040 3366 Jupiter

201 3372 337 3428 ἤροντο.
649 3392 653 3401 1
