2242 3826
499 130 593 173 maan
610 131 655 183 ar,
982 119 1042 203 m

186 254 440 327 uelamentum
452 258 530 313 nodis
540 266 568 312 et
580 257 673 313 robore
683 266 767 329 cocto,

186 328 257 382 Huic
267 336 369 397 natam,
382 326 450 381 libro
461 336 489 381 et
501 327 616 381 silvestri
627 329 723 383 subere
735 327 828 382 clausa

186 396 319 467 Implicat,
331 406 412 466 atque
424 395 544 451 habilem
556 396 663 450 mediae
675 396 842 465 circumligat
873 405 966 468 astae3
988 402 1039 452 555

186 464 274 526 Quam
285 465 379 519 dextra
390 466 490 534 ingenti
504 466 603 519 librans
614 466 651 517 ita
662 464 698 518 ad
709 466 820 518 aethera
831 467 917 519 fatur:

188 537 205 568 “
213 535 306 604 Alma,
317 534 365 588 tibi
376 534 453 602 hanc,
466 551 606 589 nemorum
617 534 722 600 cultrix,
736 535 846 587 Latonia
859 536 939 605 virgo,

187 605 249 674 Ipse
261 613 338 675 pater
349 603 479 658 famulam
491 619 593 670 vove03
612 611 658 656 tua
671 604 756 673 prima
768 619 815 673 per
826 620 906 657 auras

186 672 255 726 Tela
267 682 361 727 tenens
372 673 487 742 supplex
498 673 602 727 hostem
615 672 691 741 sugit.
728 672 836 743 Accipe,
850 681 939 746 testor,

186 742 255 796 Dira
269 752 351 811 tuam,
364 759 433 812 quae
445 760 516 796 nuuc
528 740 618 795 dubiis
629 741 804 795 committitur
814 741 915 795 auris.''
985 747 1039 797 550

188 812 268 880 Dixit,
282 821 309 864 et
320 811 435 865 adducto
447 818 596 865 contortum
608 810 705 864 hastile
717 810 816 863 lacerto

186 880 326 934 Immittit:
344 897 456 934 sonuere
468 879 573 948 nudae,
592 879 712 948 rapidum
727 896 807 950 super
817 897 928 935 amnem

185 948 283 1003 infelix
294 950 361 1018 fugit
373 949 402 1003 in
411 949 501 1018 jaculo
513 948 640 1003 stridente
653 948 776 1003 Camilla.

185 1021 222 1073 At
234 1018 371 1087 Metabus,
381 1036 480 1087 magua
490 1019 598 1088 propius
607 1017 664 1088 jam
676 1026 806 1086 urguente
817 1027 933 1090 caterva,

185 1088 238 1141 Dat
250 1104 311 1141 sese
323 1088 413 1157 fluvio,
425 1096 452 1143 at
473 1104 507 1141 ue
519 1086 625 1140 hastam
637 1105 701 1142 cum
712 1086 814 1155 virgine
826 1087 909 1141 victor

185 1157 329 1210 Graminao
340 1156 440 1210 donum
452 1105 558 1210 inviae
570 1156 605 1209 de
617 1157 720 1227 cespite
732 1155 818 1209 vellit.

184 1225 247 1279 Non
258 1226 334 1281 illum
347 1227 425 1279 tectis
437 1225 517 1295 ullae,
530 1242 581 1278 non
594 1227 736 1279 moenibus
747 1224 830 1278 urbes

185 1297 333 1366 Accepere,
346 1312 437 1366 neque
447 1295 506 1364 ipse
519 1311 614 1348 manus
626 1295 731 1348 feritate
743 1294 879 1347 dedisset:

184 1363 327 1418 Pastorum
337 1373 365 1418 ct
377 1365 441 1418 solis
451 1364 541 1432 exegit
553 1364 689 1418 mentibus
701 1380 808 1417 aarum.

184 1433 236 1487 Hic
246 1441 340 1487 natam
351 1434 378 1488 in
390 1433 482 1487 dumis
492 1433 612 1502 interque
624 1432 758 1486 horrentia
769 1432 852 1486 lustra
983 1435 1036 1486 570

183 1503 349 1556 Armentalis
360 1518 447 1572 equae
459 1505 586 1556 mammis
598 1510 626 1555 et
637 1502 707 1555 lacte
719 1501 803 1555 ferino

183 1571 317 1642 Nutribat,
331 1572 432 1625 teneris
444 1571 606 1638 immulgens
618 1571 701 1625 ubera
713 1570 802 1624 labris,

184 1640 274 1711 thue
285 1641 388 1710 pedum
399 1639 495 1762 primis
506 1640 595 1693 infans
609 1640 720 1709 vestigia
731 1639 829 1710 plantis

183 1710 327 1779 Institerat,
338 1708 401 1779 jacu
411 1727 427 1762 e
439 1708 543 1779 palmas
553 1708 666 1763 armavit
678 1719 764 1778 acuto,

183 1778 345 1849 Spiculaque
356 1777 514 1833 exhumare
526 1795 624 1849 parvae
637 1777 775 1848 suspendit
787 1785 815 1830 et
827 1793 929 1833 areum.
984 1782 1036 1832 575

184 1848 235 1901 Pro
246 1847 340 1902 crinali
351 1865 424 1919 aure,
437 1864 484 1918 pru
495 1847 590 1916 longae
602 1849 722 1916 tegmine
733 1847 829 1917 pallae,
903 1916 906 1919 Δ

181 1917 300 1985 Tigridis
310 1918 424 1971 exuviae
436 1934 483 1987 per
495 1918 603 1972 dorsum
615 1935 633 1970 a
645 1916 745 1970 vertice
757 1915 885 1986 pendent.

182 1986 251 2039 Tela
262 1985 410 2057 manniam
423 1994 481 2040 tum
493 1996 584 2041 tenera
595 1985 709 2056 puerilia
722 1985 804 2054 torsit,

105 2078 110 2087 ·
183 2055 218 2109 Et
231 2055 342 2110 fundam
354 2054 433 2111 tereti
444 2057 546 2110 aucum
557 2065 637 2126 caput
649 2056 705 2124 egit
717 2055 831 2125 habena,

183 2125 418 2195 Strymoniamque
429 2143 533 2195 gmam,
544 2134 591 2179 aut
603 2125 696 2179 album
708 2125 807 2196 dejecit
819 2125 928 2179 olorem.
982 2129 1036 2178 580

182 2194 289 2248 Multae
301 2195 376 2248 illam
388 2193 485 2248 frustra
495 2193 635 2266 Tyrrhena
646 2211 693 2264 par
704 2194 803 2266 oppida
814 2203 915 2248 matres

182 2264 316 2332 Optavere
328 2279 441 2334 nurum:
458 2263 515 2317 sola
526 2271 652 2318 contenta
664 2265 749 2318 Diana

181 2335 332 2389 Aeternum
343 2333 458 2388 telorum
469 2341 497 2386 et
508 2332 666 2402 virginitatis
677 2348 798 2386 amorem

182 2402 347 2456 Intemerata
357 2402 429 2456 colit.
464 2401 572 2456 Vellem
583 2402 656 2456 haud
668 2410 789 2470 correpta
800 2399 897 2454 fuisset

181 2471 283 2526 Militia
296 2472 350 2540 tali,
363 2479 458 2524 conata
468 2472 601 2526 lacessere
613 2471 746 2525 Teucros:

181 2541 251 2594 Cara
259 2540 330 2595 mihi
339 2541 523 2610 comitumque
535 2541 603 2595 foret
615 2557 685 2595 nune
696 2556 751 2594 nna
762 2554 894 2592 mearum.

181 2609 283 2663 Verum
295 2627 354 2680 age,
367 2609 585 2680 quandoquidem
596 2609 660 2663 fatis
671 2617 798 2677 urguetur
809 2607 922 2677 acerbis,

181 2679 295 2749 Labere,
307 2679 445 2800 Nympha,
456 2679 524 2750 polo,
537 2679 651 2749 finisque
662 2679 747 2732 invise
759 2678 876 2745 Latinos,

98 2770 103 2779 .
181 2748 278 2802 Tristis
288 2749 335 2803 ubi
346 2749 372 2802 iu
385 2757 462 2801 austo
473 2748 648 2802 committitur
658 2748 749 2802 omine
760 2764 859 2817 pugna.

181 2817 257 2870 Haec
268 2834 343 2898 cape,
356 2826 384 2870 et
394 2817 519 2871 ultricem
531 2817 656 2887 pharetra
666 2816 795 2937 deprome
806 2815 946 2884 sagittam:
983 2816 1035 2867 500

181 2886 248 2956 Hac,
261 2903 426 2957 quicumque
438 2903 546 2940 sacrum
557 2886 660 2939 violarit
671 2903 707 2940 ru
718 2901 782 2939 nere
793 2900 897 2953 corpus

180 2956 249 3009 Tros
259 2956 385 3026 Italusue,
397 2954 465 3009 mihi
476 2956 575 3025 pariter
585 2955 632 3009 det
644 2955 773 3023 sanguine
785 2969 895 3023 poenas.

181 3025 244 3079 Post
255 3042 306 3095 ego
318 3024 390 3079 nube
402 3042 470 3078 aava
480 3024 649 3078 miserandae
661 3039 758 3094 corpus
769 3030 797 3076 et
808 3035 884 3074 arma

106 3187 186 3246 being
201 3186 332 3247 purposely
342 3187 532 3256 gimpa-7553.
552 3183 629 3238 Come,
641 3180 936 3254 well-samonem-trdh
950 3178 1032 3229 Sona-

106 3264 157 3303 ara,
176 3244 238 3295 from
255 3244 297 3294 the
307 3246 421 3315 ,spirited
438 3246 579 3311 arn-7566.
605 3241 702 3291 Donum
720 3240 825 3297 Tramas,
839 3237 930 3311 rowsd
945 3245 1031 3298 (ucoca

106 3308 203 3418 3⁸36?
214 3310 272 3362 (ure)
281 3304 369 3356 Druna.
399 3304 448 3353 Sea
463 3311 488 3353 at
503 3316 536 3352 rr.
547 3303 700 3350 soa-580.
719 3298 927 3362 Strymoniamque
938 3313 1033 3360 grean,
